2334 4150
216 504 648 573 MnrAMoarnosnors
672 496 711 564 t.
737 498 767 565 I.
847 520 861 584 ς

146 622 209 675 Cura
222 624 270 673 Dei
281 642 289 682 3
308 619 459 687 totidemque
469 620 544 685 plagae
557 619 642 667 tellure
654 633 803 682 premuntur.

146 703 253 761 Quarum
268 718 322 767 quae
333 698 412 749 media
424 700 455 747 est
460 732 469 757 ,
482 698 575 747 nonest
587 697 724 745 habitabilis
737 697 809 745 aestu:

144 781 191 829 Nix
214 784 274 845 tegit
288 781 337 827 aira
348 778 405 827 duas
415 796 421 825 ι
433 774 535 825 totidem
546 780 609 824 inter
619 790 745 839 utramque
759 775 867 833 locavit3
887 788 915 833 50

144 860 346 923 Temperiemque
358 854 442 916 dedit,
456 854 597 903 misticum
609 852 697 917 frigore
708 850 818 901 flammi.

143 936 259 984 Imminet
271 938 309 983 his
320 940 359 983 a'e'r
371 952 378 981 r
389 937 448 999 qui,
463 930 555 999 quantb
565 932 598 980 est
607 930 712 996 pondere
724 946 790 979 terra

142 1012 240 1067 Pondus
253 1029 321 1078 aquae
334 1011 408 1062 levius
420 1046 427 1069 ,
441 1026 509 1060 tanto
520 1011 553 1059 est
564 1013 687 1059 onerosior
698 1011 757 1073 igni.
832 1067 836 1072 ᾖ

141 1090 194 1139 Illic
205 1095 232 1139 bc
245 1090 360 1148 nebulas,
372 1088 423 1137 illic
434 1089 558 1137 consistere
571 1090 645 1138 nubes

142 1168 229 1226 iussit,
247 1172 274 1217 &
286 1170 401 1215 humanas
411 1181 507 1215 motura
517 1170 623 1216 tonitrua
633 1182 737 1226 menter,
882 1177 909 1225 ῖς

141 1246 172 1295 Et
187 1263 245 1295 cum
257 1245 399 1295 fulminibus
414 1244 526 1294 facientes
542 1244 633 1309 frigora
643 1259 737 1293 ventos.

141 1323 184 1373 His
199 1340 299 1390 quoque
312 1340 363 1372 non
374 1326 460 1387 passim
475 1322 558 1372 mundi
571 1322 700 1372 fabricator
710 1320 847 1372 habendum

141 1402 203 1449 A‘e'ra
215 1405 325 1466 permisit
339 1418 344 1448 r
353 1404 391 1451 vix
403 1417 467 1449 nunc
477 1401 598 1449 obsistitur
608 1399 672 1459 iilis,

140 1478 205 1527 Crim
225 1482 267 1527 sua
277 1481 378 1545 quisque
389 1493 470 1543 regant
482 1474 576 1527 diverso
587 1476 685 1527 flamina
697 1478 788 1539 trasiu,

139 1556 207 1615 Quin
218 1558 308 1605 lanient
317 1554 455 1614 mundum
468 1572 534 1605 tanta
543 1558 575 1605 est
585 1555 704 1606 discordia
716 1557 825 1607 fratrum.
875 1566 908 1601 60

138 1634 217 1681 Eurus
228 1631 258 1681 ad
270 1634 385 1682 Auroram
401 1633 580 1699 Nabathaeaque
592 1650 664 1699 regna
675 1634 785 1696 recessit,

96 1740 104 1761 ι
138 1709 298 1777 Persidaque,
315 1715 341 1760 ὃ(
352 1709 423 1760 radiis
434 1715 491 1777 juga
501 1710 597 1762 subdita
607 1715 741 1765 matutinis.

137 1787 243 1853 Vesper,
263 1793 289 1838 ὃ(
300 1786 404 1838 occiduo
416 1806 468 1855 quae
480 1789 552 1839 litora
561 1789 618 1840 Sole
629 1792 769 1856 tepescunt,

137 1867 249 1915 Proxima
264 1869 320 1915 sunt
328 1866 440 1931 Zephyro
452 1885 458 1914 r
473 1869 596 1929 Scythiam
605 1870 746 1935 Septrmque
754 1871 856 1921 trionem

137 1942 247 1993 h'orrifer
262 1946 350 1993 invasit
363 1944 463 1993 Boreas:
474 1948 593 1994 contraria
605 1945 676 1995 tellus
878 1959 907 2011 65

138 2022 247 2073 Nubibus
257 2018 375 2082 assiduis,
388 2022 517 2090 pluvioque
531 2018 648 2073 madescit
659 2022 688 2073 ab
700 2024 792 2077 Austro.

137 2099 192 2150 Hac
205 2096 278 2166 'super
290 2104 404 2167 imposuit
415 2101 553 2168 liquidum,
565 2108 590 2153 δι
601 2106 717 2169 gravitate
727 2121 857 2165 carentem,

137 2177 249 2239 Emesa,
264 2185 448 2248 necquicquam
460 2194 557 2231 terrena
569 2168 635 2232 faecis
648 2171 788 2232 bibentem.
826 2187 831 2192 “

136 2256 181 2306 Vix
192 2275 220 2307 ea
234 2258 353 2308 limitibus
369 2256 507 2325 dissepserat
522 2263 605 2310 omnia
620 2263 707 2318 certis3

135 2334 217 2395 cum,
230 2353 284 2401 quae
295 2333 372 2401 pressa
382 2336 423 2386 diu
434 2338 512 2387 massi
522 2338 612 2388 latuere
622 2338 736 2400 subilli,
873 2363 907 2406 70

134 2411 216 2462 Sidera
228 2430 352 2478 coeperurrr
364 2430 418 2464 toro
425 2413 577 2466 effervescere
589 2416 663 2466 cerlo.

135 2489 187 2539 Neu
206 2495 274 2556 regio
291 2492 354 2541 foret
365 2493 416 2542 ulla
432 2495 478 2543 suis
491 2496 652 2544 animantibus
663 2496 734 2557 orba,

134 2567 199 2617 Astra
211 2584 294 2620 tenent
304 2570 398 2620 coeleste
409 2571 504 2632 solum,
517 2571 788 2639 formaequeDeorumr
825 2594 827 2601 ·

134 2643 356 2717 Cesseruntlnitidis
366 2647 502 2698 habitandae
513 2652 616 2716 piscibus
627 2648 711 2700 uudaer

134 2722 206 2772 Terra
222 2723 284 2772 feras
295 2728 375 2789 cepit,
388 2726 496 2776 volucres
507 2727 626 2792 agitabilis
637 2733 684 2775 aer.
874 2737 901 2786 75

133 2803 238 2850 Sanriius
249 2803 287 2851 hir
297 2803 404 2864 animal,
416 2807 551 2871 mentisque
562 2806 672 2870 capacius
683 2802 756 2864 alte,

133 2877 221 2927 Deerat
235 2877 315 2928 adhuc
326 2915 334 2940 ,
346 2879 450 2947 &quod
462 2881 582 2932 dominari
591 2885 617 2932 in
625 2897 703 2932 cetera
712 2878 802 2946 possets
881 2911 898 2946 0

132 2953 207 3004 Natus
220 2957 298 3006 homo
307 2957 353 3006 est:
363 2960 411 3010 sive
425 2961 489 3009 hunc
498 2958 581 3010 divino
593 2963 681 3010 semine
690 2960 749 3011 fecit

132 3031 173 3080 ilie
183 3034 270 3099 opifex
281 3051 379 3096 rerum,
390 3035 475 3087 mundi
486 3038 593 3088 melioris
605 3042 674 3104 origo
686 3057 693 3088 r

132 3112 182 3160 Sive
197 3129 281 3162 recens
291 3111 377 3174 tellus,
393 3113 533 3182 sedustaque
543 3133 617 3181 nuper
628 3119 657 3166 ab
668 3119 723 3168 alto
875 3138 906 3186 3,

131 3187 247 3254 AEtlrere,
265 3194 363 3258 cognati
375 3194 494 3246 retinebat
508 3196 598 3250 semina
611 3195 677 3247 cteii.
