2334 4150
210 535 639 606 MnnAMnnrnosnon
657 537 776 609 LVI.
806 564 866 626 141

154 652 220 704 Nam
240 658 301 704 mihi
319 672 416 721 campus
427 659 448 704 is
459 657 506 716 est,
519 672 587 707 tanto
598 658 724 708 molimine
736 660 826 719 luant,

153 732 190 782 Ut
203 732 299 783 medius
309 734 393 784 nostris
404 736 555 787 concursibus
566 739 661 786 intonet
671 739 761 792 ather,
875 740 918 790 ⁶95

154 811 321 878 Exsiliantque
333 814 397 861 cavis
412 811 464 860 elisi
477 814 578 862 nubibus
589 817 663 879 ignes.
675 862 679 869 ,

156 887 225 938 ldem
243 907 306 954 ego,
324 889 378 939 crim
393 891 454 938 subii
467 906 573 940 convexa
591 892 709 942 foramina
722 907 806 956 terre,

156 969 323 1033 supposuique
342 965 408 1015 feror
420 969 474 1015 imis
486 983 539 1016 mea
550 983 615 1033 terga
625 974 743 1031 cavernis,

158 1044 261 1094 Solicito
272 1061 369 1104 manes,
386 1058 512 1110 totumque
527 1049 669 1096 tremoribus
680 1049 773 1098 orbern.

160 1123 211 1173 Hac
229 1141 275 1189 ope
291 1121 418 1173 debueram
434 1123 542 1173 thalamo
552 1122 780 1192 petiill'essocerque
872 1149 921 1194 70¹²

161 1201 219 1251 Non
231 1199 335 1251 orandus
346 1215 397 1258 erat
408 1235 416 1263 ,
428 1198 469 1252 sed
485 1203 509 1251 vi
522 1200 663 1264 faciendus,
679 1203 831 1253 Erechtheus.

161 1279 220 1329 riae
230 1279 334 1340 Boreas,
349 1282 436 1328 anthia
447 1294 496 1328 non
507 1279 621 1329 inferiora
632 1281 740 1342 loeutus,

161 1357 270 1406 Excussit
289 1371 377 1422 pennas
389 1375 395 1405 r
407 1373 507 1422 quarum
518 1359 641 1422 Janaribus
652 1362 732 1408 omnis

162 1436 249 1485 Afflata
263 1435 296 1484 est
314 1435 404 1494 tellus3
420 1435 542 1502 latumque
557 1439 691 1500 perhorruit
705 1452 800 1502 aequor:

162 1514 350 1578 Pulvereamque
364 1514 457 1561 trahens
468 1529 508 1578 per
518 1514 611 1561 summa
622 1517 746 1563 cacumina
757 1514 859 1578 pallam,
877 1534 921 1576 705

163 1591 243 1640 Vertit
257 1594 375 1639 humum:
388 1589 547 1656 pavidamque
558 1607 642 1651 metu,
654 1591 755 1656 caligine
766 1594 837 1640 tetius
850 1628 857 1650 ‚

162 1668 295 1732 Orithyian
310 1681 390 1717 amans
402 1667 474 1716 fulvis
485 1667 636 1732 amplestitur
647 1667 698 1716 alis.

163 1747 230 1796 Dum
247 1745 331 1806 volat,
348 1746 454 1794 arserunt
463 1747 546 1809 agitati
559 1745 644 1794 fortiis
654 1749 728 1811 ignes.

163 1825 217 1875 Nec
231 1823 295 1890 priris
310 1826 366 1872 aerii
377 1823 457 1873 curctis
468 1825 595 1894 suppressit
607 1825 724 1882 habenas,

165 1901 248 1963 Quim
265 1901 386 1953 Ciconum
398 1904 474 1950 tenuit
484 1902 587 1967 populos
598 1937 606 1962 ,
618 1904 658 1953 sua
671 1903 777 1966 munia,
788 1903 928 1971 raptor-710

164 1981 219 2030 Illic
239 1985 265 2030 bc
282 1977 355 2044 gelidi
366 1983 455 2044 conjnx
472 1980 549 2029 Atrea
563 1982 677 2042 tyranni,

165 2059 197 2109 Et
212 2061 316 2125 genitrix
328 2057 388 2107 facia
403 2057 435 2110 est
445 2076 452 2107 τ
463 2072 543 2123 partus
554 2060 622 2107 enixa
632 2055 761 2123 gemellos,

87 2141 95 2166 '
166 2136 255 2187 Cetera
268 2138 310 2201 qui
328 2137 427 2192 matris,
446 2152 534 2199 pennas
548 2139 662 2200 genitoris
677 2136 798 2184 haberent.

167 2215 225 2265 Non
236 2229 318 2263 tamen
329 2216 369 2263 has
380 2211 428 2262 uni
444 2228 578 2262 memorant
589 2230 645 2263 curn
656 2230 755 2279 corpore
767 2226 847 2263 natas:

166 2293 291 2358 Barbaque
307 2289 366 2341 dum
385 2291 462 2340 rutilis
476 2291 556 2340 aberat
572 2287 685 2342 submilla
705 2290 817 2355 capillis,
883 2308 927 2353 715

167 2369 300 2435 implumes
316 2369 445 2436 Calaisque
460 2385 517 2435 puer
533 2369 668 2439 Zerhesque
678 2368 783 2419 fuerunt.

168 2447 230 2497 Mox
247 2451 335 2513 pariter
351 2451 398 2497 ritu
409 2464 491 2512 pennae
508 2462 601 2512 crepere
611 2447 739 2498 volnerum

169 2523 275 2590 Cingere
290 2540 421 2591 utrumque
437 2524 514 2585 latus3
531 2529 618 2589 pariter
632 2524 755 2575 flavescere
771 2526 849 2576 mala.

169 2600 249 2666 Ergo,
272 2603 313 2651 ubi
329 2606 445 2652 concessit
456 2618 550 2667 tempus
561 2602 650 2668 puerile
660 2608 776 2668 juventae,

170 2678 268 2728 Vellera
284 2695 340 2728 cum
353 2680 458 2743 Minyis,
475 2678 554 2729 nitido
565 2678 681 2729 radiantia
693 2680 770 2743 villo,
886 2701 933 2745 720

171 2755 215 2809 Per
226 2773 292 2808 mare
299 2774 350 2815 non
360 2772 455 2808 motum
467 2756 545 2823 prima
553 2760 641 2822 petiere
656 2756 744 2810 carini.

472 2958 591 3038 Μ*
