2334 4150
221 463 672 584 Mammonsnosnou
700 481 739 552 L.
766 482 909 572 X.·219

198 609 277 663 Causa
295 615 340 662 yiae
359 613 464 676 conjux:
477 612 584 673 inquam
600 607 691 656 calcata
700 620 820 655 vencnum

198 685 286 754 Vipera
296 685 394 738 diffudit
405 720 413 741 ‚
432 688 607 750 crescentesque
617 683 714 734 abstulit
725 699 809 733 annos.
889 684 893 692 '

198 764 267 815 Posse
276 768 325 830 pati
340 765 407 815 volui
418 783 424 812 r
436 780 480 812 nec
492 781 530 812 me
544 759 643 811 tentasse
659 761 763 826 negabo.
931 779 958 832 25

198 835 264 894 llicit
277 845 361 893 Amor.
382 841 469 908 Superi
483 835 547 890 Deus
559 843 598 889 hic
609 841 669 888 bene
680 853 751 888 notus
764 841 790 887 in
800 855 841 889 ora
854 839 896 888 ella

197 921 236 970 Au
252 923 283 970 sit
298 925 322 972 &
332 919 386 980 iric,
398 919 492 970 dubito.
505 917 581 968 Sed&
596 917 635 966 hic
648 927 728 966 tamen
738 933 842 982 auguror
852 913 913 967 effer

197 997 317 1066 Famaque
329 1001 348 1047 si
354 1013 459 1048 veterem
469 1011 519 1045 non
530 995 562 1044 est
569 998 672 1044 mentita
682 996 788 1059 rapuraur
798 1022 807 1053 ,

198 1074 249 1124 Vos
257 1092 353 1142 quoque
361 1077 438 1140 junxit
450 1075 532 1122 Amor.
542 1075 585 1122 Per
597 1086 642 1138 ego
654 1075 703 1121 haec
715 1071 768 1120 loca
774 1071 844 1136 plena
855 1076 960 1134 timoris,

198 1149 242 1201 Per
261 1152 342 1202 Chaos
353 1148 399 1201 h‘oc
412 1155 509 1217 ingens,
524 1151 629 1216 vastique
643 1149 737 1198 silentia
750 1151 833 1215 regui,
932 1182 963 1227 ³0

197 1227 326 1293 Eurydices
339 1265 347 1289 ,
367 1247 411 1279 nro
423 1264 431 1289 ,
442 1237 568 1295 properata
581 1231 680 1276 retexite
691 1225 741 1276 fila.

198 1310 287 1359 Omnia
308 1306 421 1357 debemur
440 1308 526 1355 robis:
539 1306 686 1372 paulumque
700 1306 804 1365 morati,

198 1387 275 1436 Serius
288 1399 328 1434 aut
338 1388 407 1434 citius
419 1383 499 1434 sedem
512 1372 666 1448 properemus
684 1382 715 1432 ad
733 1397 816 1432 unama

199 1458 331 1512 Tendimus
338 1465 385 1512 huc
395 1479 478 1512 omnes
490 1480 497 1510 e
509 1464 558 1510 haec
570 1463 602 1509 est
613 1458 699 1510 domus
711 1460 796 1510 ultima
807 1473 913 1529 :vosque

198 1534 305 1590 Humani
319 1543 409 1606 generis
418 1539 556 1604 longissima
567 1553 640 1602 tegna
650 1541 743 1588 tenetis.
933 1574 960 1619 35

198 1617 256 1667 Haec
267 1633 383 1684 quoque,
400 1616 455 1666 calm
474 1616 545 1680 justos
556 1629 650 1664 matura
664 1618 781 1681 peregerit
790 1632 882 1679 annos,

197 1691 259 1743 Juris
269 1697 314 1743 erit
324 1695 393 1744 vestri
405 1713 410 1742 z
422 1709 465 1758 pto
479 1706 576 1742 munere
588 1695 708 1758 poscimus
722 1696 799 1743 usum.

199 1769 302 1830 Quodsi
320 1771 369 1820 fata
378 1785 466 1836 negant
476 1774 569 1820 veniam
583 1788 627 1836 pro
639 1775 741 1837 coniuge
753 1807 762 1832 ,
780 1788 872 1822 certum
883 1775 916 1823 est

198 1842 272 1898 Nolle
292 1847 367 1898 redire
383 1851 442 1897 mihi
456 1867 462 1897 r
476 1848 525 1898 leto
540 1847 640 1914 gaudete
654 1848 767 1899 duorum.

232 1926 302 1975 Talia
317 1925 435 1976 dicentem
448 1959 456 1987 ,
469 1943 600 1992 nervosque
616 1924 646 1976 ad
658 1928 730 1977 verba
739 1944 896 1990 moventem,
930 1950 962 1995 4⁰

197 1997 332 2068 Exsangues
343 2003 431 2054 flebant
447 2007 532 2053 animae
544 2021 549 2052 ε
561 2019 605 2052 nec
616 2003 731 2056 Tantalus
743 2004 832 2054 undam

199 2081 315 2147 Captavit
329 2082 434 2147 refugam
449 2101 455 2131 r
467 2083 601 2147 stupuitque
612 2081 699 2130 Isionis
710 2084 783 2131 orbis.

197 2160 248 2211 Nec
268 2161 373 2226 carpsere
387 2165 451 2225 jecur
464 2160 574 2210 volucres
587 2162 714 2225 :urnisque
727 2171 842 2211 vacarunt

197 2236 308 2298 Belides,
327 2240 399 2305 inque
415 2254 457 2287 tuo
474 2236 569 2290 sedisti,
587 2238 701 2301 Sisyphe,
720 2239 783 2286 saxo.

197 2316 263 2365 Turn
274 2314 380 2381 primilm
395 2316 521 2378 lacrymis,
534 2316 649 2364 victarum
660 2317 779 2376 carmine,
793 2314 857 2365 sama
866 2316 898 2366 cst
931 2339 961 2384 45

196 2389 360 2443 Eumenidum
374 2392 574 2458 maduiffegenas.
592 2394 643 2443 Nec
655 2395 718 2458 regia
728 2396 816 2458 conJux

197 2472 301 2521 Sustinet
311 2474 407 2531 oranti,
425 2488 467 2520 nec
478 2475 518 2537 qui
530 2474 590 2536 regit
603 2474 665 2532 ima,
682 2488 782 2537 negare:

198 2548 382 2613 Eurydicenque
400 2564 496 2599 vocant.
514 2549 617 2598 Umbras
633 2564 682 2598 erat
698 2551 741 2598 illa
757 2564 862 2600 recentes

197 2624 284 2687 Inter,
304 2616 328 2676 δι’
345 2630 438 2675 incessit
452 2622 562 2691 pallude
579 2626 677 2675 vulnere
688 2625 766 2675 tardo.

198 2704 267 2753 Hanc
276 2739 285 2765 ,
305 2704 375 2753 simul
391 2708 415 2753 ὁ(
431 2704 525 2769 legem,
544 2700 699 2767 Rhodopeius
714 2706 896 2769 accipiebam,
932 2732 962 2781 5·

198 2780 237 2830 Ne
256 2781 336 2831 fledlat
351 2796 414 2830 retro
430 2783 471 2832 sua
481 2782 571 2829 lumina
583 2798 592 2838 3
606 2778 683 2829 donec
698 2780 801 2832 Avernas
870 2818 874 2824 =

197 2858 289 2907 Exierit
305 2858 379 2909 valles
391 2878 398 2909 ε
409 2872 449 2907 aut
458 2861 523 2907 irrita
537 2856 601 2906 dona
612 2857 698 2908 futura.

231 2936 347 3003 Carpitur
360 2937 463 2986 acclivus
475 2953 516 3003 per
533 2944 600 2984 muta
614 2934 707 2986 silenda
717 2951 823 3001 trames,

196 3013 311 3070 Arduus,
327 3016 459 3073 obscurus,
474 3014 574 3079 caligine
588 3011 672 3063 densus
682 3016 766 3080 opaci.

197 3092 251 3141 Nec
268 3092 353 3159 procul
365 3092 493 3143 abfuerunt
503 3092 594 3141 telluris
603 3096 709 3157 nrargine
721 3095 837 3141 summae:
932 3123 959 3169 55

197 3166 247 3219 llic
260 3204 269 3233 ,
289 3186 319 3220 ne
331 3168 463 3233 deficeret,
481 3184 606 3234 metuens,
624 3168 879 3297 aridusqneyidendi,

791 3264 809 3315 ¹1
