2334 4150
256 556 295 621 18
332 552 375 620 P.
407 550 591 620 Ournrr
626 552 863 619 Nasonis

252 673 296 725 Illa
308 709 316 734 ,
336 673 403 725 velut
414 674 519 731 crimen,
535 668 606 721 taedas
616 673 686 720 exosa
695 671 786 737 jugales
798 707 806 731 ,

252 751 353 801 Pulchra
362 748 497 801 verecundo
509 747 652 799 suffunditur
662 764 704 797 ota
714 749 813 797 rubores

203 823 327 894 485lnque
339 830 410 893 patris
426 824 518 875 blandis
528 828 619 875 harenc
628 829 718 875 cervice
726 825 819 875 lacertis
828 843 837 884 3

253 907 292 956 Da
311 909 370 955 mihi
385 903 498 970 perpetua
508 938 515 963 ,
527 906 623 969 genitor
632 906 766 964 carissime,
777 903 856 961 dixit,

254 984 396 1049 virginitate
413 981 460 1030 frui
474 1000 479 1029 ε
493 979 560 1030 dedit
569 984 617 1031 hoc
628 996 694 1048 pater
708 995 764 1030 ante
778 981 871 1030 Dianae.

253 1059 297 1107 llle
305 1057 403 1125 quidem
412 1059 550 1124 obsequitur
561 1077 567 1107 ε
580 1057 621 1109 sed
633 1073 655 1107 te
664 1056 737 1108 decor
746 1058 802 1118 iste,
814 1056 880 1124 quod
890 1071 971 1123 optas,

254 1132 306 1185 Effe
317 1151 383 1186 vetat
394 1154 400 1185 s
413 1150 520 1202 votoque
531 1151 573 1185 tuo
584 1151 626 1185 tua
636 1136 714 1185 forma
726 1151 851 1201 repugnat.

205 1214 357 1275 49ol³hoebus
369 1228 451 1275 amat,
464 1216 567 1279 visaeque
582 1217 648 1280 cupit
658 1216 778 1264 connubia
789 1214 902 1279 Daphnes
914 1232 920 1263 e

254 1292 360 1357 Quaque
371 1294 454 1357 cupit,
471 1293 547 1355 sperat
560 1308 566 1339 ε
579 1294 666 1359 suaque
680 1291 752 1341 illum
764 1290 862 1341 oracula
873 1291 972 1341 fallunt.

254 1369 336 1435 thue
348 1369 411 1419 leves
421 1367 511 1433 stipulae
523 1366 610 1417 demtis
619 1367 745 1419 adolentur
753 1369 840 1427 aristis,

255 1445 290 1495 Ut
302 1446 392 1495 facibus
404 1447 467 1510 sepes
479 1443 579 1506 ardent,
589 1462 648 1512 quas
663 1446 725 1497 sorti
740 1451 820 1497 viator

255 1522 301 1571 Vel
312 1526 383 1571 nimis
396 1520 523 1584 admovit,
534 1523 573 1573 vel
586 1528 634 1589 jam
646 1526 689 1573 fub
701 1525 753 1574 luce
763 1526 879 1593 reliquit,

208 1601 294 1664 4958ic
313 1598 377 1649 Deus
387 1604 413 1651 in
424 1598 533 1650 flammas
544 1602 604 1651 abiit
615 1621 621 1652 e
633 1606 666 1653 sic
676 1606 770 1669 pedore
781 1619 835 1656 toto

257 1676 353 1738 Uritur,
366 1682 390 1727 ἃ
402 1678 505 1729 sterilem
519 1679 634 1745 sperando
644 1685 721 1731 nutrit
732 1699 850 1734 amorem.

256 1757 349 1820 Spcslcat
361 1759 484 1806 inornatos
495 1756 560 1806 collo
573 1753 676 1822 pendere
689 1759 807 1823 capillos,

256 1833 307 1895 Et,
325 1832 406 1895 Quid?
423 1836 441 1884 si
454 1850 594 1890 comantur,
614 1838 648 1885 ait
659 1854 665 1883 ε
676 1834 744 1887 videt
759 1842 816 1903 igne
829 1842 966 1903 micantes,

257 1911 376 1961 Sideribus
390 1913 479 1961 similes
491 1948 499 1972 ,
510 1912 682 1963 oculossvidet
691 1915 790 1978 oscula,
804 1935 857 1985 quae
868 1934 918 1967 non

213 1989 298 2067 500Est
307 1986 391 2039 vidisse
405 1991 475 2039 saris:
488 1989 570 2041 laudat
581 1989 736 2058 digitosque,
746 2011 878 2062 manusque
889 2032 899 2057 ‚
911 2011 915 2017 ·

258 2069 420 2136 Brachiaque,
438 2072 463 2120 δι
474 2067 551 2120 nudos
562 2068 643 2120 medii
653 2071 705 2136 plus
718 2089 783 2137 parte
795 2073 907 2125 lacertos.

259 2149 284 2197 Si
301 2163 347 2213 qua
359 2148 449 2209 latent,
469 2149 571 2198 meliora
585 2163 670 2214 putat:
684 2149 747 2215 fugit
761 2154 830 2201 ocior
839 2153 899 2202 auri

258 2225 303 2279 Illa
313 2225 374 2278 levi:
387 2237 463 2295 neque
473 2224 504 2275 ad
515 2229 565 2275 hac
571 2230 708 2277 revocantis
717 2229 791 2279 verba
797 2229 892 2277 resistit.

258 2303 391 2369 Nympha,
404 2319 502 2368 precor,
514 2302 584 2352 Penei
595 2339 603 2362 ,
613 2320 684 2353 mane
695 2323 702 2352 s
714 2321 764 2352 non
773 2306 886 2368 insequor
892 2304 976 2352 hostis.

214 2381 391 2454 505Nymphm
406 2396 475 2430 nrane
488 2401 494 2428 ι
507 2385 540 2430 sic
556 2397 618 2445 agna
629 2382 727 2446 lupum,
739 2384 773 2430 sic
789 2397 858 2430 cerva
869 2380 978 2442 leonem,

260 2462 298 2509 Sic
315 2457 419 2525 aquilam
432 2458 509 2523 penna
526 2458 620 2523 fugiant
633 2457 766 2523 trepidante
777 2458 916 2518 columb25

261 2535 344 2586 Hostes
354 2553 453 2602 quaeque
467 2537 534 2583 suos:
548 2552 617 2585 amor
628 2537 662 2585 est
673 2539 732 2586 mihi
742 2538 811 2586 causa
822 2533 945 2603 sequendi.

260 2613 303 2662 Me
314 2614 441 2662 miserum!
459 2631 490 2664 ne
504 2630 579 2678 prona
590 2613 675 2670 cadas,
689 2613 817 2680 indignave
829 2614 885 2665 laedi

261 2691 339 2741 Crura
355 2693 432 2742 secent
444 2693 532 2750 sentes;
546 2695 570 2741 δι
584 2695 628 2740 sim
638 2694 683 2742 tibi
696 2695 765 2742 causa
778 2691 881 2742 doloris.

215 2770 363 2838 qroAfpera,
375 2769 423 2840 qud
435 2787 544 2836 properas
555 2807 563 2830 ,
573 2769 627 2820 loca
636 2773 701 2820 suns:
710 2769 856 2821 moderantis
868 2805 876 2832 ,
886 2789 946 2833 oro,

264 2848 357 2908 Curre,
370 2849 499 2914 fugamque
507 2849 589 2897 inhibe
597 2865 605 2895 s
613 2847 760 2897 moderatitls
769 2849 878 2914 insequar
891 2850 949 2914 ipse.

263 2926 312 2976 Cui
327 2927 420 2990 placeas
431 2961 439 2985 ,
451 2927 544 2990 inquire
554 2939 644 2976 tamen.
660 2925 719 2974 Non
729 2925 810 2974 incola
820 2930 929 2987 montis,

263 3003 321 3055 Non
336 3019 380 3068 ego
390 3005 442 3052 ssim
452 3003 529 3067 pallor
538 3022 544 3050 :
552 3019 602 3051 non
613 3000 655 3053 hic
666 3018 792 3063 armenta,
805 3019 917 3068 gregesve

264 3079 380 3130 Horridus
391 3081 500 3131 observo.
520 3080 619 3142 Nescis,
632 3085 775 3142 temeraria,
793 3083 868 3131 nescis

219 3158 344 3218 stsQuem
358 3159 434 3224 fugias
446 3177 452 3207 e
466 3156 567 3224 ideoque
579 3159 650 3224 fugis.
664 3161 729 3209 Milri
739 3159 857 3223 Delphica
868 3159 956 3221 tellus,

266 3237 297 3292 Et
307 3236 392 3292 Claros
401 3271 412 3295 2
422 3242 447 3290 δι
459 3237 569 3290 Tenedos
575 3273 583 3300 ,
601 3240 751 3308 Patareaque
762 3241 826 3307 regia
835 3239 916 3290 servit.
