2334 4150
243 533 313 616 326
384 523 428 594 P.
446 525 604 614 omnir
622 526 819 594 NAsours

188 649 282 700 ⁴75Me
296 664 376 700 tamen
386 648 502 700 armifera
511 651 629 700 seruatum
644 666 700 700 cura
712 649 830 702 Minerva

238 729 359 778 flubiibus
369 730 466 794 cripuit:
475 731 556 794 patriis
566 727 608 778 sed
617 729 731 778 rursusab
743 729 812 794 Argis

239 807 319 857 Pellot
330 826 337 856 ε
349 811 373 857 bc
386 811 484 874 antiquo
494 823 613 858 memores
623 805 654 857 de
663 807 759 858 vulnere
773 819 857 871 poenns

238 886 319 951 Exigit
330 885 393 936 alma
403 887 498 936 Venus:
509 900 636 952 tantosque
646 902 687 951 per
697 884 745 936 alta
756 883 849 934 laboret

239 964 472 1031 AEquorasuiiinui,
489 978 569 1013 cantos
587 964 731 1014 terrestribus
744 965 835 1024 armis,
857 984 859 988 ·

188 1038 274 1100 480Ut
285 1045 344 1093 mibi
354 1043 435 1092 felices
446 1046 494 1092 sint
502 1043 540 1092 illi
555 1044 615 1107 sepe
625 1043 721 1101 vocati,

240 1122 307 1181 Quor
322 1123 458 1170 communis
467 1123 558 1178 hiems,
569 1121 761 1186 importunisque
772 1117 912 1183 Capbareut

238 1199 323 1247 Mersit
338 1201 420 1264 aquis:
431 1197 566 1264 vellemque
575 1199 663 1248 horum
674 1213 727 1261 pars
742 1212 789 1246 una
799 1193 905 1246 fuiffem.

237 1275 331 1324 Ultima
339 1279 388 1339 jam
398 1277 459 1340 passi
471 1309 480 1336 ‚
496 1277 611 1334 comites,
627 1274 739 1341 belloque
751 1275 881 1340 fretoque,

236 1351 376 1414 Deficiunt,
388 1351 508 1418 finemque
519 1367 607 1417 rogant
617 1356 710 1402 erroris.
725 1353 758 1402 At
769 1353 866 1404 Acmon

130 1473 140 1490 ,
189 1417 233 1478 4⁸5
239 1428 351 1480 fervidus
370 1433 485 1496 ingenio,
496 1446 548 1480 tum
564 1430 623 1481 verb
633 1435 658 1480 bc
676 1429 784 1481 cladibus
793 1434 879 1497 asper,

214 1559 219 1565 ,
238 1506 304 1570 Quid
319 1509 437 1574 superesi,⁴
452 1507 520 1575 quod
534 1513 583 1574 jam
594 1512 709 1574 patientia
718 1509 793 1561 vestra
807 1513 899 1560 recuset

238 1587 307 1637 Ferte
317 1590 380 1647 ‚viri
391 1595 400 1638 i
410 1586 480 1637 dixit.
492 1585 559 1647 Quid
568 1589 640 1638 habet
650 1586 785 1650 Cytheriac,
797 1587 865 1654 quod
880 1588 960 1650 ultra,

237 1664 307 1714 Velle
317 1680 388 1730 puta,
404 1665 496 1717 iaciat?
513 1664 578 1714 Nam
591 1663 649 1715 dum
660 1668 741 1730 pejora
752 1665 869 1715 timentur
879 1701 889 1728 ,

237 1742 277 1792 Est
289 1746 316 1792 in
332 1758 390 1792 vota
400 1742 467 1791 iocus
479 1760 485 1789 =
496 1745 546 1792 sors
557 1757 639 1794 autem
649 1737 749 1808 pessima
759 1759 838 1792 rerum
849 1778 859 1804 ‚

187 1822 288 1875 49⁰th¹
298 1819 397 1886 pedibus
407 1822 481 1868 timor
498 1819 546 1879 est,
564 1822 692 1886 securaque
703 1822 795 1870 summa
806 1820 939 1878 malorum.

236 1897 325 1950 Audiat
334 1899 384 1963 ipsa
402 1897 459 1946 licet
471 1915 477 1947 ε
489 1896 563 1958 licet,
576 1912 604 1948 ut
618 1897 677 1948 facit
685 1932 696 1953 ,
706 1897 785 1948 oderit
794 1915 879 1948 omnes

237 1978 285 2027 Sub
299 1973 420 2026 Diomede
433 1978 497 2026 vitos
510 1994 518 2035 3
538 1973 623 2026 odium
637 1990 718 2027 tamen
728 1977 794 2028 illius
804 1993 888 2026 omnes

237 2057 389 2122 spernimus,
406 2058 431 2106 bc
445 2071 534 2121 magno
548 2055 593 2105 stat
603 2070 689 2121 magna
700 2056 895 2121 potentianobis.

238 2135 338 2191 Talibus
353 2136 454 2185 invitam
465 2135 584 2184 Venerem
598 2134 740 2185 Pleuronius
757 2134 852 2185 Acmon

187 2221 230 2266 49)
238 2213 372 2263 instimulat
382 2214 476 2273 uerbis,
487 2227 639 2279 veteremque
650 2208 771 2264 resuscitat
784 2216 854 2263 iram.

236 2290 307 2339 Dicia
324 2290 419 2356 placent
434 2293 523 2355 paucis.
536 2291 637 2341 Numeri
647 2292 744 2356 maJotis
757 2294 829 2339 amici

235 2368 344 2419 Acmona
354 2371 496 2431 corripimus
508 2386 515 2417 r
527 2371 565 2417 cui
576 2366 718 2433 respondere
729 2371 823 2433 paranti

235 2443 291 2492 Vox
303 2446 390 2508 pariter
403 2478 412 2503 ,
427 2446 541 2509 vocisque
550 2448 591 2495 vin
600 2446 634 2494 est
644 2460 755 2495 tenuarat
765 2461 890 2512 comaque

235 2520 264 2569 ln
281 2520 373 2587 plumas
382 2521 485 2571 abtunts
495 2522 584 2586 plumis
598 2539 661 2574 nova
672 2523 736 2573 colla
748 2538 879 2589 teguntur,

189 2598 378 2668 500Pestoraque
390 2634 398 2661 ,
417 2602 441 2649 bt
455 2615 548 2665 tergunt
558 2617 565 2649 t
577 2604 680 2668 maiores
691 2603 786 2651 brachia
796 2618 886 2667 pennus

235 2678 362 2746 Accipiunt
374 2698 380 2727 ε
392 2680 514 2745 cubitique
529 2679 593 2729 leves
604 2683 726 2731 sinuantur
737 2684 764 2731 in
774 2680 831 2732 alas.

236 2756 326 2825 Magna
342 2755 430 2823 pedum
445 2755 535 2823 digitos
548 2774 602 2824 pars
616 2772 735 2825 occupat:
748 2776 838 2825 oraque
853 2774 931 2809 cornu

235 2834 349 2888 indurata
360 2838 450 2901 rigent,
465 2835 586 2904 finemque
603 2840 628 2887 in
643 2840 753 2887 acumine
767 2851 870 2903 ponunt.

236 2914 307 2964 Hunc
316 2914 410 2978 Lycus,
425 2918 489 2964 bunc
500 2913 570 2974 idas,
587 2916 614 2965 bc
623 2930 678 2965 cum
690 2916 825 2965 Rhetenore
836 2914 952 2977 Nicieus,

190 3004 200 3048 5
204 2993 307 3046 05Hunc
319 2994 435 3043 mirantur
451 2994 513 3045 Abas
525 3010 533 3043 t
543 2998 571 3060 pc
581 2992 640 3044 dum
651 2994 782 3055 mirantur,
799 2990 910 3043 eamdem

236 3072 364 3137 Accipiunt
378 3072 464 3122 faciem
479 3088 656 3139 :numerusque
666 3088 694 3123 ex
710 3075 804 3137 agmine
815 3076 895 3137 major

236 3147 370 3207 subvolat,
387 3154 412 3199 δι
429 3167 508 3199 remos
521 3151 609 3215 plausis
626 3151 786 3201 circumsonat
800 3150 854 3199 aiis.

235 3224 260 3270 Si
279 3224 404 3273 volucrum
415 3242 468 3300 que
477 3230 508 3277 sit
519 3229 651 3281 subitarum
662 3229 741 3279 forms
751 3230 852 3295 requirit
863 3242 873 3288 5
935 3278 940 3281 .
