2334 4150
263 538 692 606 Menanonnnosnon
714 523 753 591 L.
776 521 839 592 VI.
866 539 927 607 125

212 655 287 708 Dista
298 656 364 706 foret
374 652 454 703 Niobe
467 685 475 711 ,
490 651 509 699 si
519 647 624 699 nonsibi
635 647 685 697 visa
696 641 786 695 fuiii'et.

213 737 281 786 Nam
293 737 344 785 sata
354 730 464 790 Tiresii,
478 730 573 778 venturi
584 726 698 791 prescia,
711 723 799 772 Manto

214 817 260 865 Per
272 812 364 864 mediat
380 811 474 867 fuerat,
489 807 573 857 divino
586 806 781 862 concitamotu,

213 895 356 945 Vaticinata
365 894 415 940 vias
426 900 434 937 ὲ
444 884 574 937 Ismenides
585 919 594 944 ,
608 887 640 933 ite
650 882 805 948 frequentes,

214 972 247 1021 Et
257 971 313 1020 date
324 971 441 1026 Latona,
458 965 658 1028 Latonigenisque
674 959 767 1010 duobus
779 993 788 1020 ,
942 971 987 1010 160

214 1049 282 1100 Cum
292 1062 362 1114 prece
374 1061 426 1095 tuta
437 1043 477 1109 pia
489 1060 497 1102 3
509 1043 623 1107 lauroque
635 1041 746 1088 inneiiire
759 1039 849 1086 crinem
861 1049 868 1085 e

214 1129 264 1176 Ore
276 1143 333 1176 meo
348 1126 439 1174 Latona
450 1122 525 1186 jubet.
538 1121 653 1177 Paretur,
665 1121 689 1167 &
701 1132 785 1166 omnes

215 1201 352 1255 Thebaides
361 1203 429 1266 jussis
439 1201 479 1248 sua
490 1205 600 1262 tempora
611 1193 736 1246 frondibus
749 1207 836 1244 ornant
849 1211 856 1252 3

215 1283 328 1347 Tutaque
338 1278 397 1328 dant
407 1280 507 1335 sanctis,
524 1279 548 1324 δι
558 1276 631 1327 verba
641 1276 761 1339 precantia
771 1299 779 1333 ‚-
792 1270 905 1320 flammis.

213 1360 276 1410 Ecce
287 1362 352 1409 venit
362 1359 481 1412 comitum
492 1353 572 1403 Niobe
582 1352 735 1402 celeberrima
747 1350 833 1411 curbi,
938 1363 979 1414 165

213 1436 324 1485 Vestibus
333 1439 427 1483 intexto
439 1434 547 1497 Phrygiis
558 1431 689 1496 spectabilis
703 1446 761 1480 auro
774 1447 782 1487 3

213 1512 263 1573 Er,
274 1528 391 1579 quantum
402 1514 437 1559 ira
447 1512 520 1568 sinit,
535 1508 642 1558 formosa
654 1527 660 1556 ε
671 1523 817 1572 movensque
829 1505 917 1556 decoro

213 1589 281 1641 Cum
289 1594 367 1654 capite
373 1585 492 1638 immiffot
499 1590 626 1636 humerum
635 1602 675 1651 per
684 1601 811 1650 utrumque
820 1585 933 1650 capillos,

213 1667 331 1719 Constitit
343 1687 349 1716 ι
361 1683 435 1734 utque
450 1666 534 1714 oculos
548 1664 698 1713 circumtulit
710 1663 758 1712 alta
772 1664 882 1726 superbos
893 1675 901 1721 ς
990 1718 992 1722 .

213 1746 275 1807 Quia
292 1745 485 1803 funerandum,
500 1746 599 1810 inquit,
616 1758 752 1807 praeponere
765 1743 821 1789 visis
938 1763 983 1806 170

213 1823 349 1876 Coelester?
366 1839 409 1874 aut
420 1839 463 1871 cur
473 1822 562 1870 colitur
577 1821 670 1869 Latona
681 1836 781 1884 perator
793 1823 802 1868 i

212 1901 311 1950 Numen
317 1896 450 1951 adhuttinc
456 1912 593 1948 turemeum
602 1899 713 1952 estimihi
719 1897 834 1949 Tantalus
842 1899 932 1954 auiiot,

212 1979 263 2030 Cui
274 1979 344 2028 licuit
355 1978 401 2028 soli
413 1980 556 2043 Supetotum
571 1992 666 2041 tangere
678 1979 778 2024 mensas.

211 2055 340 2107 Pleiadum
352 2059 418 2106 soror
428 2056 461 2105 est
472 2058 574 2121 genitrix
590 2057 651 2105 mihi
663 2073 669 2103 t
683 2057 800 2105 maximus
812 2051 878 2105 Atlas

211 2134 254 2185 Est
264 2152 339 2194 avua,
354 2137 482 2185 ethereum
496 2136 539 2199 qui
551 2133 597 2181 fert
607 2135 738 2183 cervicibus
749 2148 817 2181 axem
827 2152 834 2181 e
937 2168 979 2211 ¹75

210 2213 321 2277 iuppiter
331 2213 390 2262 alter
401 2229 457 2262 avus
467 2230 475 2271 ;
486 2214 569 2261 socero
580 2228 677 2277 quoque
688 2210 778 2275 glorior
788 2210 842 2259 iilo.

209 2290 256 2340 Me
266 2302 347 2355 gentes
358 2306 468 2341 metuunt
477 2292 584 2355 Phrygia
597 2307 604 2337 a
616 2306 655 2338 me
667 2291 729 2353 regia
746 2286 835 2338 Cadmi

210 2369 262 2416 Sub
274 2367 374 2418 domina
385 2369 418 2418 est
429 2389 436 2417 e
449 2367 583 2435 fidibusque
597 2371 645 2417 mei
656 2365 780 2416 commiisa
790 2371 871 2417 mariti

210 2445 307 2495 Moenia
317 2464 372 2495 cum
384 2447 478 2512 populis
491 2464 505 2495 a
518 2464 604 2513 meque
616 2450 715 2512 viroque
728 2460 851 2511 reguntur.

209 2523 240 2572 In
252 2538 429 2591 quamcumque
442 2524 528 2574 domtis
542 2524 641 2574 adverto
653 2526 744 2573 lumina
757 2541 847 2590 partem
858 2559 866 2583 ‚
936 2529 982 2575 180

210 2600 338 2651 Immensae
349 2605 481 2667 spectantur
491 2619 548 2667 oper
560 2622 567 2651 r
579 2601 672 2651 accedit
683 2601 767 2651 eodem
859 2594 862 2599 Δ

210 2676 294 2742 Digna
304 2680 357 2727 Dea
368 2679 440 2729 facies
452 2698 458 2727 ε
470 2682 516 2728 huc
530 2694 596 2729 natas
608 2678 684 2745 adjice
697 2682 805 2744 septem,

208 2753 243 2802 Et
253 2755 356 2806 totidem
365 2761 461 2822 juvenes
472 2776 480 2816 3
495 2762 520 2806 &
531 2775 589 2806 mox
601 2772 747 2821 generosque
759 2774 887 2823 nutusque

209 2831 317 2890 Quaerite
327 2851 407 2895 nunc,
419 2836 504 2890 habeat
513 2852 585 2901 quam
598 2834 675 2885 nostra
686 2836 792 2901 superbia
801 2839 893 2885 causam
906 2858 913 2897 3

210 2914 302 2963 Nescio
315 2928 413 2978 quoque
424 2911 509 2961 audere
521 2911 721 2964 satam'Titanida'
734 2912 793 2964 Caeo
933 2910 962 2958 18
967 2929 976 2973 5

209 2991 331 3039 Latonam
341 2990 451 3054 preferre
463 2994 522 3039 mihi
533 3008 541 3049 3
552 2995 589 3041 cui
601 2996 704 3043 maxima
716 2991 839 3058 quondam

209 3068 328 3132 Exiguam
340 3066 419 3117 sedem
433 3073 541 3133 pariturae
552 3072 626 3120 Terra
638 3074 740 3136 negavit.
938 3062 940 3066 ¹

208 3146 262 3195 Nec
271 3146 352 3205 ectio,
361 3163 406 3196 nec
411 3148 488 3195 humo
497 3182 505 3206 ,
514 3165 557 3197 nec
565 3152 632 3214 aquis
641 3149 693 3197 Dea
702 3150 775 3198 vestra
784 3164 879 3216 recepta
888 3152 929 3202 cst.

208 3223 283 3274 Exsul
294 3241 343 3276 erat
354 3223 438 3275 mundi
445 3260 454 3287 ,
466 3223 544 3277 donec
556 3228 667 3281 miserata
677 3242 803 3292 vagantem
814 3246 823 3285 3

776 3306 794 3355 f
803 3310 831 3373 iij
