2334 4150
202 545 680 617 Marnuonanoanoni
697 543 779 614 XV.
800 567 836 635 35
847 567 861 633 3

151 667 205 719 Nec
218 703 226 729 ,
244 671 290 718 nisi
305 668 437 733 Apollinea
454 667 536 718 valido
548 665 707 716 medicamine
719 665 811 730 prolia,

150 747 256 798 Reddita
264 749 315 798 vita
326 747 397 796 soret.
409 746 491 807 Quam
508 747 560 812 post
574 744 648 812 quim
660 744 762 794 sortibus
772 744 867 800 herbis,

151 826 232 890 Atque
242 842 288 890 ope
301 824 412 884 peona,
427 822 477 875 dite
487 823 643 888 indignante,
656 825 732 886 recepi
746 839 754 879 i
870 821 914 868 iii

151 902 218 950 Turn
233 905 292 951 mihi
303 937 312 962 ,
323 919 353 951 ne
363 904 464 967 present
474 917 585 966 augerem
598 903 703 950 muneria
715 903 788 965 hujus

148 977 285 1034 invidiam,
297 977 380 1029 densat
394 981 484 1045 objecit
491 979 599 1039 Cynthia
610 979 693 1027 nubea.

148 1056 233 1121 thue
243 1055 320 1105 forem
331 1071 395 1106 tutus
405 1091 412 1115 ,
424 1054 563 1122 possemque
573 1059 672 1120 impune
681 1052 756 1106 videri
766 1088 776 1116 ,

95 1130 98 1147 ’
148 1131 252 1184 Addidit
265 1149 377 1184 atatem:
389 1151 433 1184 nec
442 1131 610 1199 cognoscenda
621 1132 719 1199 reliquit

148 1211 200 1260 Ora
215 1213 285 1260 mihi.
300 1209 436 1277 Cretenque
446 1210 488 1260 diu
499 1209 620 1261 dubitavit
629 1209 765 1261 habendam
865 1209 913 1264 54⁰

147 1286 284 1349 Traduce,
302 1305 329 1339 at
346 1289 436 1348 Deion.
443 1287 508 1338 Deio
516 1287 637 1354 Cretique
649 1289 735 1338 relidit
743 1321 753 1349 ,

145 1364 196 1415 Hic
213 1368 292 1430 posuit
303 1385 311 1415 t
322 1382 459 1432 nomenque
474 1366 561 1425 timui,
571 1365 639 1432 quod
654 1369 729 1430 possit
746 1381 862 1432 equorum

146 1440 325 1503 Admonitu,
340 1445 408 1507 jubet
422 1443 541 1506 deponere
552 1461 559 1489 a
572 1443 669 1507 Quique
686 1443 749 1492 suisti

144 1520 313 1586 Hippolytus,
328 1519 405 1579 dixit,
417 1536 481 1570 nunt
490 1519 556 1570 idern
567 1521 665 1569 Virbius
674 1521 732 1570 esto.

145 1600 203 1649 Hoc
213 1614 296 1647 netnus
306 1595 363 1647 inde
377 1597 434 1647 colo
446 1618 453 1646 r
464 1596 496 1647 de
505 1596 598 1663 Ditque
614 1597 746 1646 minoribus
757 1612 834 1658 unus,
867 1599 910 1648 545

144 1678 253 1729 Numine
268 1677 312 1725 sub
329 1675 449 1730 domina,
464 1675 529 1725 lateo
539 1693 546 1723 r
558 1689 629 1740 atque
640 1676 765 1724 accenseor
773 1675 819 1724 iili.

179 1755 237 1804 Non
253 1769 333 1804 tamen
348 1753 439 1819 Egeriae
449 1753 523 1802 iuiiut
536 1753 614 1803 aliena
626 1753 704 1802 levare

144 1833 242 1883 Damna
255 1832 337 1882 valent
347 1851 354 1880 e
366 1834 503 1898 montisque
516 1836 596 1897 latens
606 1829 723 1880 radicibus
734 1832 790 1880 imit
800 1855 813 1893 ,-

142 1910 255 1975 Liquirut
271 1913 296 1958 in
313 1910 428 1972 lacrymas
440 1929 446 1957 a
459 1908 552 1967 donec,
570 1912 660 1974 pietate
672 1908 776 1958 dolentia

142 1987 231 2046 Mota,
244 1989 310 2035 sotor
320 1989 405 2037 Phoebi
417 1987 523 2052 gelidum
534 1985 564 2036 de
571 2003 672 2051 torpore
684 1987 777 2037 iontem
861 1991 908 2036 55⁰

142 2064 230 2126 Fecit,
248 2067 273 2115 δι
288 2081 386 2117 eternae
403 2082 466 2117 attur
481 2067 587 2116 tenuavit
603 2068 628 2116 in
644 2062 728 2117 undae.

175 2222 208 2272 At
218 2222 343 2293 Nymphae
357 2226 437 2289 tetigit
447 2210 510 2274 nova
521 2241 556 2274 rer
566 2243 573 2273 e
585 2228 611 2273 δε
628 2224 749 2275 Amazone
765 2238 834 2276 natur

141 2298 214 2350 Haud
225 2299 293 2349 aliter
308 2302 414 2366 stupuit,
431 2302 506 2367 qudm
517 2301 572 2351 crim
580 2303 719 2363 Tyrrhenus
731 2309 809 2351 arator

141 2377 248 2428 fatalem
261 2377 357 2443 glebam
372 2377 458 2428 mediis
468 2382 557 2443 aspexit
567 2382 593 2427 in
603 2383 662 2429 arvia
675 2414 684 2438 ,
752 2422 756 2427 .

140 2456 230 2521 Sponte
240 2456 281 2506 sui
296 2456 401 2521 primdtn
414 2491 423 2516 ,
441 2457 557 2524 nulloque
569 2460 693 2523 agitante,
710 2460 801 2507 moveri
814 2474 821 2516 3
857 2479 901 2527 555

139 2534 237 2582 Sumere
248 2550 306 2583 mox
317 2536 440 2589 hominia,
457 2549 571 2603 terreque
587 2539 713 2597 amittere,
731 2535 853 2595 formam3

139 2612 236 2676 Oraque
243 2616 349 2660 venturis
365 2614 455 2675 aperire
466 2617 569 2662 recentia
582 2612 645 2663 fatis.

137 2688 258 2753 indigenae
272 2688 352 2737 ditere
362 2689 458 2752 Tagen:
468 2693 511 2755 qui
521 2692 611 2754 primus
623 2682 745 2741 Etruscam

136 2765 243 2819 Edocuit
253 2780 348 2829 gentem
366 2767 430 2813 casus
441 2770 531 2830 aperire
542 2766 644 2817 saturon

169 2842 235 2892 Utve
246 2843 358 2891 Palatinis
368 2844 495 2892 herentem
505 2845 608 2893 collibus
619 2846 679 2895 oiim
692 2880 700 2906 ,
853 2859 902 2913 5⁶0

136 2920 204 2971 Ctirn
216 2918 295 2967 subitd
308 2918 371 2971 vidit
379 2918 529 2970 frondescere
540 2923 656 2971 Romulus
667 2924 756 2974 iaaiiaua
767 2933 783 2985 ς’

137 2999 196 3058 Quae
212 2994 292 3046 radice
302 2996 365 3047 noti
376 3030 384 3056 ,
395 3012 445 3046 non
463 2997 527 3046 ferra
535 2999 721 3061 iiabat'adaiioa

136 3076 170 3126 Er
185 3078 296 3141 jamnon
308 3074 383 3124 telurn
395 3109 404 3136 ,
419 3073 461 3123 sed
472 3074 530 3124 lenti
539 3079 637 3127 viminis
649 3080 740 3139 arbor,

135 3154 194 3210 Non
203 3154 343 3225 exspetimus
353 3152 427 3207 dabat
435 3150 609 3208 admirantibus
620 3157 733 3208 umbrata
768 3150 770 3154 ’
