2334 4150
281 516 349 582 216
429 507 472 578 P.
490 512 647 578 Orrnrr
665 513 859 580 NAsortrs
900 499 906 506 ’

276 634 407 702 ¹Quamque
415 637 493 685 virum
503 631 638 700 putatelle‚
654 636 723 683 suum
734 634 786 683 fore
794 633 882 694 credit,
891 633 995 685 Ianthe.

280 713 344 778 lphis
355 729 434 773 amat,
452 712 499 778 qui
510 710 575 778 poll'e
588 712 635 761 frui
647 710 756 778 desperat
766 731 774 771 3
786 716 809 761 δι
820 728 892 776 auget

279 791 332 841 Hoc
342 793 417 857 ipsum
430 789 537 839 flammas
546 809 556 838 e
567 788 681 856 ardetque
691 793 715 839 in
726 792 818 854 virgine
831 794 910 853 virgo.

226 869 371 935 7²5Vixque
380 884 460 919 tenens
470 869 597 930 lacrymas,
604 868 663 928 Quis
669 885 708 916 rne
717 884 800 927 manet
808 871 893 927 exitus,
902 870 995 934 inquit,

277 945 383 1010 Cognita
394 963 465 1012 quam
477 945 538 994 nulli
549 979 557 999 ,
570 947 643 1010 quern
654 943 791 1010 prodigiosa
800 980 807 1003 ,
816 961 934 1010 noveque

274 1021 341 1074 Cura
359 1037 423 1072 tenet
438 1024 537 1072 Veneris
547 1025 557 1072 ἔ
569 1025 588 1072 si
598 1021 632 1070 Di
643 1025 703 1071 mihi
712 1039 807 1087 parcere
814 1023 909 1072 velient
920 1058 930 1083 ‚

275 1098 375 1151 Perdere
388 1098 520 1150 debuerant
531 1119 539 1148 e
552 1103 631 1150 sinon
643 1104 667 1148 δι
679 1099 776 1164 perdere
784 1101 879 1149 vellent
891 1136 900 1159 ,
925 1108 928 1112 '

274 1173 390 1226 Naturale
401 1177 493 1226 malum
504 1178 606 1236 saltem,
619 1181 644 1226 &
655 1175 686 1225 de
693 1193 760 1225 more
772 1213 779 1235 ‚
793 1175 920 1227 dedillenr.

225 1254 326 1306 730Nec
340 1271 438 1305 vaccam
453 1272 550 1314 vacce,
565 1271 612 1305 nec
623 1272 693 1320 equas
705 1271 773 1303 arnor
783 1258 830 1304 urit
840 1273 967 1321 equarum.

272 1331 329 1382 Urit
345 1349 401 1382 oves
412 1336 470 1384 aries
481 1349 489 1381 t
501 1335 606 1398 sequitur
616 1333 657 1381 lua
668 1333 757 1381 femine
766 1349 872 1381 cervum.

272 1412 311 1460 Sic
329 1414 355 1463 R
370 1428 423 1460 aves
440 1417 527 1460 coiunt
537 1429 544 1470 3
553 1413 663 1478 interque
674 1410 786 1459 animalia
798 1413 881 1460 cuncta

271 1487 370 1542 Femina
381 1489 487 1538 femineo
498 1501 606 1553 correpte
616 1486 728 1552 cupidine
738 1487 804 1536 nulle
814 1487 854 1536 est.
932 1554 934 1556 Υ

271 1563 367 1615 Vellem
382 1567 449 1616 nulla
461 1566 546 1616 forem.
558 1565 597 1615 Ne
606 1582 656 1614 nou
667 1581 747 1614 tamen
757 1566 839 1614 omnia
847 1564 922 1616 Crete

221 1642 378 1693 teronura
392 1644 468 1703 ferar,
484 1657 577 1692 taurum
587 1641 672 1692 dilexit
682 1641 732 1691 filia
746 1642 821 1692 Solise

269 1721 368 1769 femina
383 1737 468 1786 nempe
481 1736 581 1769 marem.
594 1719 664 1769 Meus
674 1720 706 1768 est
719 1719 831 1767 furiosior
841 1718 908 1778 illo,

269 1798 293 1846 Si
303 1813 386 1847 verum
397 1797 556 1862 profitemur,
568 1812 644 1846 arnor.
657 1797 750 1845 Tamen
760 1795 802 1844 illa
812 1797 891 1843 secuta
902 1795 936 1844 est

268 1877 339 1940 Spem
356 1875 469 1924 Venerist
479 1891 562 1924 *umen
569 1874 613 1924 illa
623 1872 706 1935 dolir‚
718 1877 743 1924 ὃ(
753 1865 857 1938 iuligine
867 1889 946 1922 vaecae
956 1908 967 1934 ,

268 1950 335 2001 Palla
348 1954 435 2002 bovem
451 1953 484 2001 eli
495 1955 539 2002 2³&
552 1966 620 2007 erat,
633 1955 675 2017 qui
683 1949 847 2016 deciperetur,
859 1950 965 2002 adulter.

219 2027 323 2098 nol-lut
339 2029 418 2081 licere
434 2045 487 2081 toro
498 2031 604 2081 sollertia
613 2029 720 2080 confluat
730 2030 804 2086 orbe,

268 2108 319 2174 lpse
329 2110 386 2160 lieet
394 2110 487 2161 revolet
501 2112 584 2161 ceratis
594 2108 707 2159 Dedalus
717 2108 774 2166 αἰὲς

268 2186 333 2247 Quid
354 2189 425 2238 faciet
437 2192 446 2237 i
457 2188 523 2237 Num
539 2204 577 2237 me
585 2202 685 2252 puerum
696 2184 726 2235 de
736 2188 829 2250 virgine
838 2182 915 2233 dedis

264 2265 362 2313 Artibus
377 2264 463 2314 efficiet
474 2268 483 2313 i
495 2282 552 2315 num
567 2280 591 2313 te
603 2266 724 2318 mutabit,
736 2263 838 2311 Ianthe?

265 2342 331 2401 Quin
342 2345 449 2391 animum
458 2341 537 2391 firmas
548 2349 557 2395 Ξ
573 2357 643 2407 teque
653 2343 703 2405 ipsa
713 2340 849 2403 recolligis,
861 2338 915 2402 Iphi
925 2342 935 2389 Ξ

116 2456 118 2460 ·
216 2417 416 2483 745Consillique
429 2422 513 2484 inopes
532 2424 556 2469 δι
566 2419 650 2468 stultos
663 2421 753 2468 excutis
764 2419 845 2481 ignes?

264 2493 330 2555 Quid
340 2498 370 2544 tls
381 2510 453 2555 nata,
471 2494 542 2545 vide:
554 2500 600 2545 nisi
610 2511 633 2546 te
644 2512 740 2562 quoque
751 2493 841 2557 decipis
846 2495 925 2558 ipsam
936 2529 944 2554 ‚

263 2574 294 2623 Et
303 2588 356 2639 pere
367 2572 434 2640 quod
454 2573 488 2623 fas
500 2575 531 2623 est
540 2593 546 2623 z
555 2580 579 2623 δε
591 2590 661 2632 anna,
673 2571 740 2639 quod
752 2573 841 2621 femina
852 2570 932 2620 debes.

263 2657 319 2717 Spes
330 2652 362 2703 est
373 2666 426 2718 qnae
442 2656 591 2718 cepinttspes
605 2652 638 2701 est
651 2668 705 2718 que
719 2652 798 2716 pascar
809 2663 928 2698 amorem.

263 2732 330 2781 Hanc
343 2733 386 2780 tibi
397 2748 432 2779 res
441 2728 536 2780 adimit.
550 2730 608 2781 Nora
616 2726 817 2779 tesustodiaearo

213 2808 370 2883 750Artetab
387 2808 512 2873 amplexu,
526 2816 570 2857 uec
584 2810 649 2856 cauti
660 2822 716 2855 cura
729 2805 833 2869 magistri
847 2840 855 2865 ‚

262 2884 319 2934 Nou
335 2886 407 2949 patris
418 2886 537 2949 asperitas.
552 2885 610 2935 Nou
621 2886 644 2933 se
662 2898 733 2949 negat
744 2885 794 2947 ipsa
806 2886 901 2948 roganti
914 2918 924 2943 ,

187 3018 191 3027 ⁵
260 2962 312 3012 Nec
329 2977 410 3011 tamen
419 2962 452 3011 est
464 2961 582 3027 potiunda
591 2964 651 3011 tibir
662 2978 725 3020 trec,
744 2975 771 3009 ut
783 2965 866 3009 omnia
878 2960 958 3022 fiant,

260 3038 314 3089 Effe
331 3054 397 3104 potes
413 3039 489 3099 felir,
504 3054 530 3090 ut
540 3039 621 3105 Dique
631 3043 787 3105 hominesque
795 3040 914 3087 laborent.

260 3116 332 3166 Nunc
346 3134 442 3184 quoque
458 3132 570 3167 totorum
587 3134 639 3181 pars
656 3133 703 3166 una
714 3116 748 3165 est
759 3133 959 3168 vanarneorume

211 3192 339 3259 755Dique
351 3197 412 3249 milri
429 3194 527 3257 faciles,
547 3192 667 3262 quidquid
679 3194 796 3257 valuere,
812 3193 940 3244 dederunt.

855 3270 980 3338 Quodque
