2334 4150
243 589 316 661 134
387 568 430 641 P.
452 571 607 640 Orrnrr
624 571 817 643 Nasours

238 693 288 743 llut
302 692 434 754 frondem,
452 697 586 760 positasque
600 711 690 744 cremet
708 696 830 746 foenilibus
847 693 940 744 herbar.

238 770 320 837 Digna
338 772 435 839 quidem
447 773 518 821 facies
529 792 535 821 r
545 771 586 822 sed
599 777 623 822 δι
635 776 700 823 hunc
711 778 792 824 innata
804 771 882 824 libido

238 849 394 900 Exstimulat:
406 865 555 916 pronumque
566 867 639 916 genus
651 853 787 916 regionibus
798 850 852 900 illu

190 927 267 995 460111
281 929 397 977 Venerem
408 928 448 976 ell.
461 926 556 993 Flagrat
566 931 627 979 vitio
640 933 763 994 gentisque
773 931 872 994 suoque.

240 1005 343 1069 Impetus
354 1006 386 1054 est
400 1005 452 1065 illi,
468 1008 587 1055 comitum
597 1023 749 1072 corrumpere
760 1023 857 1062 curam,

240 1081 393 1148 Nutricisque
408 1081 481 1146 fidem
494 1101 554 1133 :nec
566 1101 615 1134 non
629 1086 764 1150 ingentibus
772 1088 847 1150 ipsam

240 1160 362 1210 Solicitare
381 1158 459 1221 datis,
478 1177 605 1228 totumque
616 1161 753 1227 impendere
763 1178 862 1227 reguum
875 1179 884 1220 5

238 1239 287 1288 Aut
306 1255 387 1303 rapere
396 1274 405 1299 ,
423 1243 447 1288 bc
463 1242 526 1289 savo
542 1255 635 1304 raptam
653 1238 779 1289 defendere
795 1239 870 1288 bello.

191 1315 270 1378 465Et
286 1316 346 1365 nihil
359 1317 408 1376 eli,
421 1315 488 1383 quod
499 1334 548 1365 non
558 1315 649 1366 effreno
662 1332 744 1383 captus
754 1333 836 1367 amore

239 1396 308 1443 Ausit
319 1412 325 1442 :
335 1410 379 1443 nec
390 1399 487 1460 capiunt
497 1394 598 1443 inclusas
607 1397 702 1460 pelium
716 1394 824 1444 flammas

238 1470 339 1537 Jamque
357 1489 435 1521 moras
451 1472 513 1522 male
524 1472 587 1530 fett3
599 1471 916 1539 cupidoquerevertiturore

240 1547 280 1598 Ad
298 1548 413 1600 mandata
429 1551 551 1615 Procnes,
570 1554 595 1600 δι
611 1553 660 1616 agit
671 1553 712 1600 sua
722 1567 780 1602 vota
790 1551 831 1600 sub
846 1550 903 1600 illis.

241 1626 380 1677 facundum
391 1628 494 1678 faciebat
504 1645 572 1679 arnor
582 1648 588 1677 ι
599 1631 739 1694 quotiesque
755 1631 855 1694 rogabat

192 1705 347 1755 470Ulterius
360 1707 423 1772 Justo
432 1739 440 1765 ‚
449 1707 556 1756 Procnen
567 1710 600 1755 ita
610 1706 673 1756 vello
684 1707 782 1755 ferebat.

239 1781 341 1831 Addidit
359 1788 383 1831 δι
398 1783 530 1843 lacrymat,
542 1798 664 1847 tamquam
675 1779 808 1832 mandasset
819 1786 843 1831 be
857 1781 918 1832 illas.

239 1861 286 1910 Pru
301 1861 400 1925 Superi!
413 1875 529 1925 quantum
545 1859 656 1908 mortalia
667 1861 762 1923 pestora
773 1875 840 1908 caecae

235 1937 319 1987 Nullis
329 1938 430 1986 habent!
449 1938 503 2002 lpso
514 1937 605 1986 sceleris
616 1936 741 1986 molimine
753 1937 842 1985 Tereus

237 2014 351 2068 Creditur
361 2019 409 2084 ipse
420 2021 487 2083 pius,
506 2015 647 2084 laudemque
665 2031 678 2066 a
694 2019 793 2064 crimine
803 2016 885 2064 sumit.

189 2107 231 2154 473
239 2094 321 2157 Quid?
332 2094 399 2162 quod
406 2095 472 2145 idern
483 2096 617 2145 Philomela
624 2098 704 2162 cupit:
717 2098 851 2161 patriosque
859 2095 955 2144 lacettla

236 2174 330 2225 Blanda
344 2191 424 2225 tenens
434 2178 568 2234 humeros,
588 2189 615 2223 ut
629 2189 666 2224 eat
674 2176 751 2225 visura
762 2176 867 2223 sororem
879 2208 888 2232 ,
975 2192 980 2209 ι

237 2253 329 2319 Perque
339 2256 421 2312 suam,
433 2268 563 2319 contraque
575 2255 640 2301 suam
650 2287 658 2311 ,
669 2256 730 2317 petit
743 2268 830 2317 usque,
843 2250 954 2299 salutem.

237 2332 331 2396 Spebiat
345 2347 398 2380 eam
410 2332 515 2388 Tereus,
528 2333 752 2395 pracontreeiatque
762 2326 886 2386 vidend03

237 2409 384 2474 Osculaque,
400 2412 425 2457 &
436 2408 502 2456 collo
516 2406 662 2456 circumdata
680 2409 776 2455 brachia
787 2422 899 2465 cernens,

188 2486 326 2551 4800muia
337 2502 382 2549 pro
398 2485 511 2545 stimulis,
533 2485 687 2549 facibusque,
700 2486 802 2549 ciboque
814 2482 918 2545 luroris,

237 2566 344 2630 Accipit:
357 2566 382 2611 δι
400 2565 492 2628 quoties
506 2561 656 2626 amplectitur
666 2561 709 2609 illa
720 2576 862 2626 parentem,

236 2639 290 2691 Effe
302 2655 384 2706 parens
395 2640 484 2689 vellet:
495 2643 646 2705 nequeenim
663 2643 741 2688 miuus
754 2642 843 2705 impius
860 2636 926 2688 ellet.

238 2720 350 2769 Vincitur
368 2720 492 2768 ambarum
501 2722 595 2784 genitor
606 2735 684 2784 prece.
696 2716 806 2773 Gaudet,
818 2721 914 2785 agitque

238 2797 286 2849 llla
300 2801 361 2863 patri
378 2814 454 2864 grates
466 2817 471 2845 r
482 2802 506 2845 ὃ(
523 2794 654 2845 successill'e
671 2794 760 2846 duabus

189 2875 267 2937 4851d
281 2892 368 2941 putat,
391 2883 401 2933 (
407 2876 505 2925 infelix!
518 2874 528 2942 )
545 2872 612 2939 quod
628 2878 672 2923 erit
688 2874 785 2937 lugubre
803 2872 903 2923 duabus·

238 2955 291 3002 lam
309 2955 377 3003 labor
391 2957 487 3019 exiguus
501 2955 594 3002 Phoebo
605 2953 704 3001 restabat
715 2970 721 2999 ι
733 2953 834 3015 equique

238 3032 366 3083 Pulsabant
381 3032 480 3098 pedibus
493 3034 595 3097 spatium
612 3030 709 3079 declivis
727 3028 835 3091 Olympi.

238 3101 338 3174 Regaler
352 3110 426 3175 epula
446 3116 549 3167 mensis,
560 3114 584 3158 δι
597 3108 701 3157 Bacchus
711 3109 736 3154 iu
747 3120 804 3153 auro

238 3186 352 3235 Ponitur:
368 3190 424 3236 hinc
441 3186 536 3253 placido
547 3185 632 3237 dantur
647 3186 687 3233 sua
697 3198 797 3247 corpora
807 3182 901 3233 somno.

190 3264 271 3312 490At
281 3279 321 3311 tex
331 3265 461 3329 Odrysius,
477 3268 585 3333 quamvis
600 3266 707 3319 secessit.
723 3264 748 3311 in
763 3260 806 3312 illa
