2334 4150
254 533 294 596 32
332 509 376 577 P.
417 510 596 577 Ournrr
627 512 862 577 NAsours

249 631 323 692 Quod
339 631 410 683 simul
422 648 449 681 ac
468 633 573 690 sensere,
586 644 674 690 ruunt,
687 634 817 697 tritumque
828 629 970 695 relinquunt

249 709 392 776 Quadriiugi
405 712 506 775 spatium
519 728 525 757 ι
537 726 580 757 nec
589 746 598 770 ‚
608 726 658 774 quo
668 713 748 774 prius,
759 708 845 759 ordine
855 720 966 757 currunt.

250 789 302 853 lpse
317 804 386 853 pavet
397 806 406 847 3
417 805 460 837 nec
472 787 520 853 qual
533 786 669 837 commissas
684 788 762 838 slesiat
774 790 877 837 habenas
884 822 893 847 ,

203 866 299 922 170Nec
314 869 373 926 scit,
386 864 433 931 qui
452 869 481 913 sit
490 870 548 915 iter:
560 882 619 924 nee,
632 869 650 914 si
663 867 736 925 scint,
751 869 855 930 imperet
864 864 923 916 illis.

249 946 314 992 Turn
325 943 429 1007 primum
440 941 510 991 radiis
521 941 596 1007 gelidi
606 943 698 993 caluere
708 945 829 1003 Triones,

249 1021 280 1071 Et
290 1024 367 1071 vetito
377 1019 461 1069 frustra
475 1035 597 1072 tentarunt
609 1038 704 1085 aequore
714 1024 784 1086 tingi.

250 1098 355 1162 Quaeque
366 1098 423 1162 polo
433 1101 510 1163 posita
520 1099 552 1147 est
562 1100 657 1163 glaciali
665 1103 773 1163 proxima
785 1101 901 1165 Serpens,

250 1177 346 1240 Frigore
357 1180 422 1241 pigra
437 1176 500 1241 prius
511 1212 519 1235 ,
530 1194 573 1229 nec
588 1176 750 1227 formidabilis
761 1177 819 1232 ulli,

204 1254 351 1312 1751ncaluit
363 1272 368 1302 :
381 1256 510 1319 sumsltque
519 1272 593 1305 novas
605 1255 735 1305 fervoribus
748 1259 802 1305 iras.

250 1334 286 1381 Te
298 1349 392 1397 quoque
412 1335 532 1381 turbatum
543 1349 678 1384 memorant
689 1331 774 1398 fugisse
781 1369 790 1393 ,
801 1334 895 1394 Boote;

250 1411 366 1471 Quamvis
382 1409 461 1459 turdus
473 1427 522 1459 eras
534 1444 542 1469 ,
555 1415 579 1459 ὅ(
593 1426 615 1459 te
627 1426 667 1461 tua
680 1411 781 1475 plauslra
792 1414 913 1461 tenebant.

250 1488 286 1537 Ut
301 1488 358 1537 veris
379 1491 473 1538 summo
486 1487 592 1553 desperit
609 1490 638 1536 ab
653 1492 739 1537 aethere
758 1505 829 1538 terras
928 1514 931 1519 ·

251 1567 338 1616 Infelix
352 1568 492 1625 Plra'e'rhon,
507 1569 603 1631 penitus
620 1571 762 1633 penitusque
778 1572 904 1633 jacentese

206 1639 340 1693 180Palluit
352 1680 359 1705 ,
379 1649 403 1695 ὃ(
415 1646 492 1692 subito
502 1660 579 1707 genua
589 1648 732 1694 intremuere
748 1648 850 1695 timore:

251 1725 357 1787 Suntque
368 1722 443 1771 oculis
459 1723 560 1772 tenebrae
570 1738 612 1786 per
623 1738 718 1773 tannim
730 1723 812 1772 lumen
821 1726 924 1773 obortoe.

250 1800 282 1848 Et
296 1803 345 1863 jam
360 1798 443 1847 mallet
460 1815 534 1863 equos
546 1814 679 1864 numquam
696 1799 797 1864 tetigisse
808 1817 937 1865 paternose

250 1878 350 1942 Jamque
362 1875 456 1941 agnosse
467 1893 539 1941 genus
549 1879 628 1943 piget,
642 1881 666 1925 ὅ(
676 1876 775 1926 valuisse
787 1879 910 1943 rogandos

251 1954 303 2001 lum
321 1956 427 2019 Meropis
443 1953 491 2004 dici
508 1956 623 2019 cupiens,
633 1958 668 2004 ita
678 1955 770 2013 fertur,
785 1972 812 2006 ut
823 1960 874 2007 asia

207 2020 370 2097 ¹35l‘raecipiri
387 2036 456 2098 pinus
472 2032 564 2094 nores,
583 2037 622 2084 cul
640 2035 701 2084 viera
718 2037 808 2084 remisit

253 2110 327 2159 Frena
338 2112 391 2166 suus
402 2114 492 2170 recior,
510 2128 583 2177 quam
600 2111 645 2161 Dis
660 2115 770 2178 votisque
781 2112 888 2179 reliquit.
947 2135 949 2139 ¹

253 2187 319 2249 Quid
330 2189 418 2242 faciat?
432 2189 536 2238 multum
547 2189 604 2239 coeli
614 2189 666 2254 post
678 2205 743 2254 terga
753 2190 881 2249 relidam,

187 2291 191 2298 ·
252 2268 314 2316 Ante
330 2267 413 2316 oculos
425 2267 477 2330 plus
488 2267 528 2316 est.
544 2269 632 2315 Animo
647 2271 745 2316 metitur
759 2282 901 2332 utrumque:

253 2345 284 2392 Et
301 2343 392 2402 modo,
404 2360 464 2409 quos
475 2344 512 2402 illi
524 2343 574 2395 fato
585 2346 723 2406 contingere
737 2359 789 2390 non
804 2343 853 2401 est,

207 2424 370 2486 ¹90Prospicit
382 2422 496 2469 Occasus:
506 2419 627 2469 interdum
635 2422 729 2484 respicit
739 2420 822 2468 Ortus.

253 2499 365 2566 Quidque
382 2515 436 2564 agar
450 2501 561 2562 ignarus,
574 2499 666 2562 stupet:
685 2502 709 2546 iic
723 2514 767 2546 nec
776 2497 842 2546 frena
852 2502 970 2558 remittit,

252 2577 304 2628 Nec
313 2581 412 2630 retinere
422 2575 485 2626 valet
495 2594 500 2624 :
509 2593 552 2626 nec
564 2579 664 2626 nomina
672 2579 742 2625 novit
752 2592 879 2642 equorum.

253 2659 335 2722 Sparsa
351 2671 447 2721 quoque
458 2658 483 2704 in
492 2657 560 2704 vario
571 2657 658 2718 passim
671 2654 787 2703 mirac-ula
799 2655 863 2704 coelo
876 2689 884 2715 ,

252 2736 423 2800 Vasturumque
439 2731 505 2782 videt
518 2731 623 2798 trepidus
638 2731 763 2781 simulacra
779 2731 894 2782 serarum.

209 2820 250 2862 ¹95
255 2814 293 2864 Est
304 2813 370 2862 locus
383 2847 390 2870 ,
406 2814 431 2862 in
443 2814 551 2876 geminos
564 2812 605 2859 ubi
614 2812 709 2860 brachia
720 2825 836 2859 concavat
847 2825 915 2859 arcus

255 2895 364 2955 Scorpios
375 2908 383 2950 3
394 2894 436 2948 δι,
450 2886 525 2938 caudi
536 2887 648 2953 flexisque
659 2891 779 2954 utrimque
790 2887 900 2948 lacertis,

257 2972 361 3034 Porrigit
370 2971 396 3016 in
410 2969 512 3032 spatium
523 2969 646 3031 signorum
659 2967 766 3015 membra
776 2963 890 3015 duorum.

258 3047 328 3100 Hunc
339 3062 396 3110 puer
410 3060 451 3103 ut,
463 3048 524 3110 nigri
536 3041 661 3094 madidum
671 3041 755 3092 sudore
769 3044 871 3104 veneni,

258 3123 365 3172 Vulnera
376 3123 472 3172 cumaei
485 3125 637 3172 minitantem
647 3119 761 3186 cuspide,
772 3119 850 3178 vidit,

211 3202 347 3255 200Mentis
363 3204 451 3266 inops,
468 3197 548 3266 gelidi
558 3197 688 3250 formidine
699 3199 751 3250 lota
765 3201 868 3252 remisit.
