2334 4150
201 543 628 616 Merauonrrioseou
642 547 680 614 1„
694 543 797 614 i‘ut.
814 539 881 633 28‘9

164 661 196 716 Et
206 683 295 718 moveo
306 669 442 723 Priamum.
457 668 601 734 Priamoque
616 668 740 718 Antenora
751 668 869 732 §undum

164 745 198 794 At
208 743 272 793 Parit
281 779 290 806 ,
306 748 331 795 δε
342 745 440 807 fratres,
453 749 479 795 δι
488 748 533 812 qui
542 757 642 812 rapuere
650 745 692 794 sub
703 744 750 794 illo
761 776 770 804 ‚

165 821 214 870 Vix
224 837 320 872 tenuere
334 839 433 884 manus,
450 825 493 872 icis
503 825 569 883 hoc,
586 821 712 882 menelae,
729 818 867 879 nefandam

164 897 291 966 Primaque
305 900 345 950 lux
361 901 435 952 nostri
443 917 524 950 tecum
535 900 582 950 fuit
592 901 635 950 illa
646 900 738 966 pericli.
901 956 905 961 ἱ

197 977 281 1044 Longa
291 978 377 1028 referre
387 994 456 1028 mora
472 979 518 1036 est,
533 994 587 1044 quae
597 977 746 1044 consilioque
762 987 931 1053 manuque205

164 1053 264 1105 Utiliter
276 1056 433 1122 feei'spatiosi
444 1071 551 1121 tempore
568 1055 635 1104 belli.

164 1134 220 1184 Post
230 1137 291 1186 acies
302 1137 405 1201 primae,
421 1135 484 1184 urbis
496 1135 519 1183 se
529 1135 650 1184 munibus
658 1133 736 1185 hoster
827 1176 829 1179 ,

163 1210 313 1262 Continuere
324 1211 366 1263 diu
375 1231 383 1273 ς
394 1230 438 1263 uec
449 1216 523 1280 aperti
534 1217 604 1279 copia
614 1213 700 1262 Martie

162 1286 223 1338 Ulla
234 1289 280 1340 fuit
291 1309 298 1339 e
311 1289 406 1342 decimo
421 1289 520 1344 demum
530 1293 688 1356 pugnavimus
699 1306 773 1343 annm

161 1363 230 1427 Quid
242 1367 418 1429 fatuitatem,
430 1373 471 1436 qui
482 1370 516 1420 nil
527 1372 573 1418 nisi
583 1369 754 1434 prteliauosti?
884 1397 932 1434 ιη

162 1442 225 1504 Quis
235 1459 289 1493 ttius
300 1446 353 1493 usus
365 1449 430 1495 erat?
442 1461 498 1495 nam
509 1449 529 1496 si
539 1461 594 1496 ntea
603 1445 664 1496 fasta
676 1450 791 1513 requiris,

161 1520 279 1571 Hostibus
292 1520 404 1570 insidior:
415 1521 487 1572 iollas
500 1524 635 1571 munimine
645 1525 736 1589 tinem

160 1598 289 1652 Consolot
302 1601 399 1662 socios,
418 1617 445 1652 ut
460 1602 528 1668 longi
544 1601 616 1652 tedia
625 1602 685 1652 belli

161 1675 247 1730 Mente
265 1677 343 1727 ferant
357 1676 467 1744 placidie
476 1676 552 1728 doceo
566 1695 616 1744 quo
626 1681 699 1729 simut
710 1674 790 1730 alendi

158 1755 326 1824 Armeniique
338 1757 413 1810 modo
422 1777 429 1808 t
438 1762 523 1808 mittor
537 1759 588 1826 qud
605 1758 710 1824 postulat
719 1761 783 1808 usus.
884 1792 929 1846 „5

89 1825 90 1840 ¹
193 1833 256 1885 Ecce
266 1836 331 1888 Jovis
340 1841 449 1898 monitu,
466 1835 578 1902 deceptus
592 1838 697 1902 imagine
706 1838 806 1900 somni,

160 1913 212 1964 Rex
223 1915 290 1981 jubet
298 1919 388 1982 incepti
399 1932 480 1966 curam
489 1915 611 1966 dimittere
621 1915 699 1975 belli,

133 2009 135 2014 ¹
159 1989 205 2042 Ille
216 1995 293 2058 potest
306 1997 400 2046 auclore
412 1996 479 2045 suam
490 1992 619 2044 defendere
626 1995 731 2044 causam.

159 2069 220 2125 Non
230 2074 291 2123 sinat
307 2076 354 2123 hoe
368 2073 443 2140 Ajax,
456 2069 606 2139 delendaque
616 2071 730 2136 Pergama
744 2071 845 2136 poscate

160 2148 282 2217 Quodque
293 2152 385 2215 potest,
404 2166 502 2217 pugnet.
513 2150 566 2201 Cur
577 2166 627 2201 non
641 2164 775 2200 remoratur
784 2155 927 2219 immun„

159 2226 212 2281 Cur
221 2246 273 2279 nou
284 2246 349 2278 arma
360 2233 438 2293 capit?
448 2226 494 2279 ‘dat
504 2264 511 2289 ‚
527 2226 596 2294 quod
605 2244 665 2293 uaga
673 2228 742 2277 turba
750 2230 878 2295 sequatur?

157 2300 218 2351 Non
228 2315 279 2353 erat
289 2304 335 2350 hoc
342 2303 445 2351 nimium
454 2336 462 2360 ‚
472 2316 604 2367 numquam
612 2303 658 2350 niti
665 2302 876 2369 magnaloquenti.

156 2378 241 2443 Quid?
257 2378 325 2448 quod
339 2386 364 2431 δι
379 2382 428 2447 ipse
444 2380 506 2445 fugis
518 2376 603 2440 midi,
614 2378 747 2445 puduitque
761 2379 842 2432 videre
850 2414 860 2443 ‚

155 2456 226 2511 Cdm
237 2475 262 2509 tu
273 2474 338 2527 terga
348 2458 431 2520 dares,
442 2458 613 2524 inhonestaque
621 2457 672 2508 vela
684 2474 785 2523 parares.

156 2539 211 2591 Nec
227 2556 313 2600 mora,
327 2536 392 2600 Quid
404 2538 498 2588 facitis?
510 2554 563 2604 quae
573 2554 617 2587 vos
634 2534 773 2597 dementia,
784 2537 849 2596 diti,
878 2564 922 2614 ²²5

157 2614 287 2675 Concitet,
309 2616 325 2666 ὃ
336 2617 342 2665 Ι
356 2617 430 2674 socii,
450 2630 544 2679 captam
556 2613 677 2671 dimittere
688 2614 809 2680 Troiam?

155 2693 253 2757 Quidve
261 2693 362 2743 domum
373 2693 438 2743 fertis
448 2691 559 2751 decimo,
571 2696 616 2742 nisi
628 2691 746 2752 dedecus,
760 2697 839 2745 enno?

155 2772 258 2823 Talibus
270 2787 339 2837 atque
350 2770 400 2819 aliis
412 2806 420 2828 ‚
433 2774 457 2819 in
468 2788 521 2836 qua
533 2769 604 2821 dolor
613 2774 661 2837 ipse
672 2771 790 2823 disertum

156 2850 255 2903 Fecerat
266 2866 274 2907 ς
293 2850 385 2898 aversos
396 2848 497 2914 profugi
508 2846 538 2898 de
552 2846 623 2899 elaffe
637 2848 730 2900 reduxi.

115 2934 120 2941 '
170 2948 174 2953 ·
188 2928 319 2980 Convocat
331 2926 423 2976 Atrides
435 2928 510 2975 socios
521 2942 610 2977 terrore
620 2944 747 2992 paventem
876 2948 924 2999 ²3⁰

154 3006 207 3059 Nec
218 3003 402 3055 Telamoniades
413 3007 485 3055 etiam
496 3021 560 3054 nune
571 3007 660 3055 hiscere
669 3010 801 3074 quiequam

154 3086 223 3137 Ausit
234 3105 240 3133 r
251 3100 275 3134 at
286 3085 353 3133 ausus
364 3099 414 3133 erat
423 3100 487 3149 reges
498 3079 610 3133 inceffere
619 3081 687 3133 dieue
816 3144 819 3149 Ι

155 3164 275 3214 Thersites
286 3197 294 3221 ‚
314 3165 386 3211 etiam
397 3180 486 3229 perine
497 3160 560 3213 haud
571 3164 687 3227 impune,
699 3165 824 3227 protervit.

96 3246 97 3251 ’
154 3241 257 3307 Erigor:
271 3244 294 3291 &
308 3239 412 3309 trepidos
423 3244 486 3293 cluet
496 3243 610 3292 exhortor
619 3243 645 3291 lu
654 3240 764 3297 hesterna
802 3289 805 3293 Δ

188 3320 256 3371 Tem.
276 3316 318 3369 Η.
738 3316 764 3368 Ν
