2334 4150
233 515 659 613 MnrAsrorttrrossou
675 513 713 580 L
732 512 815 580 XII.
842 535 905 597 273

199 634 271 687 Plura
284 640 357 688 sinit:
370 637 498 702 rutilasque
508 635 574 686 ferox
587 638 706 700 inaperta
718 633 838 699 loquentis
912 681 946 694 Ὗ

199 711 320 772 Condidit
335 732 377 765 ora
388 718 446 774 viri,
458 729 545 779 perque
556 729 600 772 os,
611 714 637 760 in
647 714 755 776 peslora,
768 709 885 760 flammas.
914 721 959 767 295

201 783 236 838 Te
246 808 361 858 quoque,
378 794 436 842 saeve
452 791 537 853 Drya,
551 793 642 839 circum
654 804 726 853 caput
741 791 804 853 igne,
813 803 894 839 rotatu

199 867 347 933 Insequitut3
357 868 399 918 sed
409 886 459 918 non
468 871 492 916 in
504 884 527 917 te
538 884 634 934 quoque
643 868 749 917 constitit
758 865 826 916 idem

197 945 280 995 Exitus
293 965 298 993 :
310 945 407 996 assiduae
419 942 522 994 succell'u
536 944 607 994 caedis
615 959 747 1004 ovantem,
843 946 847 955 '

199 1023 254 1083 Qud
264 1027 343 1089 juusla
358 1024 390 1072 est
407 1025 508 1072 humero
516 1025 611 1081 cervix,
624 1021 679 1072 sude
691 1021 743 1087 figis
754 1021 848 1073 obusti.

197 1099 333 1165 ingemuit,
344 1100 452 1166 duroque
464 1100 545 1150 sudem
556 1103 597 1151 vix
608 1097 657 1149 olle
669 1101 763 1151 revellit
916 1103 967 1149 ἔω

94 1171 95 1174 '
197 1177 315 1237 libertus,
334 1183 358 1228 bc
374 1181 422 1244 ipse
434 1181 477 1228 suo
488 1175 632 1230 madefaslus
643 1180 755 1243 sanguine
765 1178 836 1244 fugit.

196 1253 269 1319 Fugit
281 1259 305 1306 &c
319 1255 426 1315 Ornius,
437 1257 606 1320 Lycabasque,
618 1259 643 1305 δι
652 1257 742 1306 saucius
752 1273 821 1306 armo
900 1258 902 1263 ’

195 1329 337 1390 Dexteriore
348 1332 460 1394 Medon,
474 1339 498 1384 δι
516 1351 572 1384 cum
586 1335 696 1384 Pisenore
709 1336 846 1394 Thaumass

196 1410 294 1476 Quique
310 1410 397 1475 pedum
409 1429 483 1476 nuper
494 1415 622 1466 certamine
632 1415 723 1462 vicerat
731 1429 816 1462 omnes

193 1487 347 1546 Mermeros,
361 1503 459 1552 accepto
468 1504 531 1536 nunc
542 1488 640 1538 vulnere
650 1487 738 1537 tardius
749 1491 817 1548 ibat,
917 1487 959 1536 305

194 1563 227 1613 Et
243 1563 333 1612 Pholus
344 1598 353 1624 ,
365 1567 388 1613 δι
400 1564 538 1618 Melaneus,
550 1568 574 1614 ὃ(
585 1565 646 1613 Abas
656 1563 772 1628 predatot
784 1583 895 1631 aptorum
905 1586 913 1624 3

195 1641 294 1706 Quique
305 1643 350 1690 suis
361 1641 445 1691 frustra
456 1641 548 1692 bellum
559 1638 697 1691 dissuaserat
706 1658 780 1706 augur

195 1720 300 1783 Astylos.
313 1719 357 1768 Ille
368 1723 441 1769 etiam
451 1721 568 1770 metuenti
578 1719 677 1770 vulnera
686 1717 777 1779 Nesso,

195 1797 234 1849 Ne
251 1797 324 1863 fuget
335 1796 366 1848 ad
374 1797 522 1856 Herculeos,
534 1799 631 1863 inquit,
639 1798 767 1848 servaberis
779 1813 856 1846 arcus.

195 1875 228 1924 At
238 1891 288 1924 non
299 1876 449 1939 Eurynomus
459 1873 624 1941 Lycidasque,
640 1878 666 1924 δι
675 1875 749 1926 Arses
758 1877 897 1925 &Imbreus
917 1886 964 1933 310

195 1950 307 2018 Effugdte
318 1970 401 2002 necem
412 1971 419 2003 t
430 1969 492 2019 quos
501 1969 587 2002 ornnes
597 1951 680 2004 dextra
686 1951 801 2015 Dryantis

195 2029 302 2080 Perculit
312 2029 430 2083 adversos.
442 2029 573 2081 Adversum
585 2045 612 2079 tu
622 2046 736 2097 quoque,
749 2034 859 2097 quamuis

195 2110 277 2173 Terga
291 2108 353 2173 fugae
364 2108 481 2164 dederas,
494 2110 599 2170 vulnus,
615 2109 733 2169 Crenaee,
747 2109 829 2158 tulisti.

194 2186 262 2238 Nam
273 2203 363 2253 grave,
383 2188 421 2234 tes
418 2189 506 2251 piciens
515 2219 524 2240 ,
537 2180 601 2237 insit
611 2184 661 2236 duo
672 2187 764 2237 lumina
774 2187 879 2248 ferrum,

195 2264 252 2326 Qual
264 2266 327 2313 naris
338 2264 413 2313 fronti
423 2266 600 2324 committitur,
616 2267 720 2329 accipis,
735 2269 799 2315 ima.
917 2269 961 2317 ili

228 2341 257 2391 In
274 2358 342 2391 santo
353 2342 468 2400 fremitu,
485 2339 560 2391 dusiis
569 2344 628 2391 'sine
642 2341 705 2400 line,
723 2344 832 2409 jacebat,

89 2438 90 2490 y
195 2418 292 2485 sopitus
310 2423 389 2480 vinis,
406 2422 431 2469 &
449 2422 636 2486 inexperresIus,
653 2420 776 2485 Aphidas3

195 2498 376 2564 Languentique
387 2514 459 2547 manu
471 2500 589 2549 carchesia
598 2502 674 2549 mixta
686 2500 802 2561 tenebat,

194 2575 269 2625 Fusus
286 2579 312 2624 in
329 2574 412 2624 Ossaeae
429 2576 521 2627 villosis
529 2576 634 2641 pellibus
649 2579 717 2626 ursae.

195 2652 276 2713 Quem
287 2652 371 2715 procul
382 2667 408 2701 ut
419 2651 481 2703 vidit
490 2652 574 2702 frustra
584 2654 726 2705 nullaattna
735 2670 873 2707 moventem
886 2691 894 2717 ‚
916 2656 965 2702 32⁰

194 2729 282 2777 Inserit
292 2743 388 2778 amento
399 2727 504 2793 digitos,
517 2729 704 2797 Miscendaque,
719 2732 780 2782 dixit
789 2769 797 2792 ,

88 2810 89 2815 ’
194 2805 263 2855 Cum
275 2805 346 2869 Styge
359 2808 414 2855 vina
425 2808 509 2866 bibes,
524 2808 638 2860 Phorbas.
650 2810 701 2865 Nec
712 2811 779 2875 plura
787 2829 912 2875 morenis,

194 2883 224 2931 In
243 2886 356 2947 juvenem
368 2888 437 2933 torsit
447 2883 551 2947 iaculum
566 2903 572 2933 z
584 2886 717 2954 ferrataque
726 2889 795 2938 collo

193 2960 327 3015 Fraxinus,
344 2974 370 3009 ut
380 2962 434 3013 casu
445 2964 519 3027 jacuit
529 2964 667 3029 resupinus,
677 2964 760 3015 adasia
772 2967 813 3015 est.

195 3039 264 3087 Mors
276 3040 352 3102 caruit
368 3039 433 3091 sensu
445 3058 450 3088 ι
460 3039 578 3107 plenoque
589 3060 601 3091 e
613 3056 708 3106 gutture
720 3042 789 3094 llusir
916 3038 962 3087 3²5

197 3116 271 3181 lnque
288 3132 371 3178 toros,
390 3122 462 3183 inque
473 3120 523 3185 ipsa
533 3124 600 3185 niger
611 3123 729 3169 carchesia
739 3124 840 3185 sanguis.

231 3193 288 3245 Vidi
302 3212 346 3260 ego
358 3197 474 3247 Petraeum
483 3230 494 3257 ,
504 3212 631 3249 conantem
643 3197 743 3250 euellere
755 3199 820 3248 terri,

737 3276 767 3325 M
783 3292 799 3324 v
