<?xml version="1.0" encoding="UTF-8"?>
<!DOCTYPE html PUBLIC "-//W3C//DTD XHTML 1.0 Transitional//EN"
    "http://www.w3.org/TR/xhtml1/DTD/xhtml1-transitional.dtd">
<html xmlns="http://www.w3.org/1999/xhtml" xml:lang="en" lang="en">
 <head>
  <title>
</title>
<meta http-equiv="Content-Type" content="text/html;charset=utf-8" />
  <meta name='ocr-system' content='tesseract 3.04.00' />
  <meta name='ocr-capabilities' content='ocr_page ocr_carea ocr_par ocr_line ocrx_word'/>
</head>
<body>
  <div class='ocr_page' id='page_1' title='image "./povidiinasoniso04ovidgoog_0230.png"; bbox 0 0 2334 4150; ppageno 0'>
   <div class='ocr_carea' id='block_1_1' title="bbox 281 479 960 554">
    <p class='ocr_par' dir='ltr' id='par_1_1' title="bbox 281 479 960 554">
     <span class='ocr_line' id='line_1_1' title="bbox 281 479 960 554; baseline 0 -2"><span class='ocrx_word' id='word_1_1' title='bbox 281 489 346 554; x_wconf 80' lang='lat'>218</span> <span class='ocrx_word' id='word_1_2' title='bbox 426 481 465 552; x_wconf 81' lang='lat' dir='ltr'>P.</span> <span class='ocrx_word' id='word_1_3' title='bbox 492 479 649 552; x_wconf 75' lang='lat' dir='ltr'>orrori</span> <span class='ocrx_word' id='word_1_4' title='bbox 672 482 867 554; x_wconf 66' lang='lat' dir='ltr'>Nasones</span> <span class='ocrx_word' id='word_1_5' title='bbox 934 487 960 552; x_wconf 79' lang='grc'>’.</span> 
     </span>
    </p>
   </div>
   <div class='ocr_carea' id='block_1_2' title="bbox 226 602 980 1138">
    <p class='ocr_par' dir='ltr' id='par_1_2' title="bbox 226 602 980 1138">
     <span class='ocr_line' id='line_1_2' title="bbox 226 602 954 672; baseline -0.001 -16"><span class='ocrx_word' id='word_1_6' title='bbox 226 610 374 660; x_wconf 79' lang='lat' dir='ltr'>790Femine</span> <span class='ocrx_word' id='word_1_7' title='bbox 384 622 458 672; x_wconf 82' lang='lat' dir='ltr'>nuper</span> <span class='ocrx_word' id='word_1_8' title='bbox 468 623 531 664; x_wconf 83' lang='lat' dir='ltr'>eras,</span> <span class='ocrx_word' id='word_1_9' title='bbox 544 619 645 669; x_wconf 84' lang='lat' dir='ltr'>pueree.</span> <span class='ocrx_word' id='word_1_10' title='bbox 656 603 720 654; x_wconf 86' lang='lat' dir='ltr'>Dare</span> <span class='ocrx_word' id='word_1_11' title='bbox 730 621 829 653; x_wconf 79' lang='lat' dir='ltr'>munera</span> <span class='ocrx_word' id='word_1_12' title='bbox 838 602 954 672; x_wconf 65' lang='lat' dir='ltr'>templier</span> 
     </span>
     <span class='ocr_line' id='line_1_3' title="bbox 277 679 914 747; baseline -0.011 -10"><span class='ocrx_word' id='word_1_13' title='bbox 277 688 329 738; x_wconf 88' lang='lat' dir='ltr'>Nec</span> <span class='ocrx_word' id='word_1_14' title='bbox 345 684 430 735; x_wconf 73' lang='lat' dir='ltr'>timidi</span> <span class='ocrx_word' id='word_1_15' title='bbox 439 680 538 747; x_wconf 78' lang='lat' dir='ltr'>gaudete</span> <span class='ocrx_word' id='word_1_16' title='bbox 549 679 605 732; x_wconf 83' lang='lat' dir='ltr'>fide.</span> <span class='ocrx_word' id='word_1_17' title='bbox 618 681 686 732; x_wconf 85' lang='lat' dir='ltr'>Dant</span> <span class='ocrx_word' id='word_1_18' title='bbox 698 698 799 732; x_wconf 83' lang='lat' dir='ltr'>munera</span> <span class='ocrx_word' id='word_1_19' title='bbox 808 684 914 747; x_wconf 88' lang='lat' dir='ltr'>templis.</span> 
     </span>
     <span class='ocr_line' id='line_1_4' title="bbox 276 759 960 816; baseline -0.004 -2"><span class='ocrx_word' id='word_1_20' title='bbox 276 763 411 816; x_wconf 76' lang='lat' dir='ltr'>Addunt&amp;</span> <span class='ocrx_word' id='word_1_21' title='bbox 427 759 524 810; x_wconf 87' lang='lat' dir='ltr'>titulum</span> <span class='ocrx_word' id='word_1_22' title='bbox 537 777 543 808; x_wconf 76' lang='grc' dir='ltr'>ι</span> <span class='ocrx_word' id='word_1_23' title='bbox 553 759 636 810; x_wconf 72' lang='lat' dir='ltr'>titulus</span> <span class='ocrx_word' id='word_1_24' title='bbox 643 760 715 811; x_wconf 84' lang='lat' dir='ltr'>breve</span> <span class='ocrx_word' id='word_1_25' title='bbox 725 777 823 811; x_wconf 87' lang='lat' dir='ltr'>carmen</span> <span class='ocrx_word' id='word_1_26' title='bbox 838 763 960 811; x_wconf 71' lang='lat' dir='ltr'>habebare</span> 
     </span>
     <span class='ocr_line' id='line_1_5' title="bbox 309 837 935 904; baseline -0.006 -13"><span class='ocrx_word' id='word_1_27' title='bbox 309 842 382 891; x_wconf 87' lang='lat' dir='ltr'>Dona</span> <span class='ocrx_word' id='word_1_28' title='bbox 390 855 448 904; x_wconf 82' lang='lat' dir='ltr'>puer</span> <span class='ocrx_word' id='word_1_29' title='bbox 457 838 543 897; x_wconf 88' lang='lat' dir='ltr'>solvit,</span> <span class='ocrx_word' id='word_1_30' title='bbox 558 853 612 904; x_wconf 76' lang='lat' dir='ltr'>quae</span> <span class='ocrx_word' id='word_1_31' title='bbox 625 837 716 888; x_wconf 82' lang='lat' dir='ltr'>femine</span> <span class='ocrx_word' id='word_1_32' title='bbox 729 852 849 900; x_wconf 82' lang='lat' dir='ltr'>voverat,</span> <span class='ocrx_word' id='word_1_33' title='bbox 860 839 935 904; x_wconf 80' lang='lat' dir='ltr'>lphis.</span> 
     </span>
     <span class='ocr_line' id='line_1_6' title="bbox 276 913 853 980; baseline -0.002 -14"><span class='ocrx_word' id='word_1_34' title='bbox 276 918 369 968; x_wconf 85' lang='lat' dir='ltr'>Postera</span> <span class='ocrx_word' id='word_1_35' title='bbox 379 916 418 964; x_wconf 84' lang='lat' dir='ltr'>lux</span> <span class='ocrx_word' id='word_1_36' title='bbox 429 913 499 965; x_wconf 81' lang='lat' dir='ltr'>radiis</span> <span class='ocrx_word' id='word_1_37' title='bbox 510 914 587 966; x_wconf 81' lang='lat' dir='ltr'>latum</span> <span class='ocrx_word' id='word_1_38' title='bbox 598 916 741 980; x_wconf 75' lang='lat' dir='ltr'>patefecerat</span> <span class='ocrx_word' id='word_1_39' title='bbox 748 917 833 966; x_wconf 84' lang='lat' dir='ltr'>orbem</span> <span class='ocrx_word' id='word_1_40' title='bbox 844 949 853 975; x_wconf 91' lang='lat'>,</span> 
     </span>
     <span class='ocr_line' id='line_1_7' title="bbox 228 992 980 1061; baseline -0.005 -13"><span class='ocrx_word' id='word_1_41' title='bbox 228 993 341 1048; x_wconf 62' lang='lat' dir='ltr'>”lcum</span> <span class='ocrx_word' id='word_1_42' title='bbox 357 995 437 1044; x_wconf 78' lang='lat' dir='ltr'>Venus</span> <span class='ocrx_word' id='word_1_43' title='bbox 448 997 473 1043; x_wconf 76' lang='lat' dir='ltr'>dc</span> <span class='ocrx_word' id='word_1_44' title='bbox 488 993 550 1042; x_wconf 85' lang='lat' dir='ltr'>luno</span> <span class='ocrx_word' id='word_1_45' title='bbox 563 1027 571 1053; x_wconf 90' lang='lat'><strong>,</strong></span> <span class='ocrx_word' id='word_1_46' title='bbox 583 995 708 1061; x_wconf 85' lang='lat' dir='ltr'>sociosque</span> <span class='ocrx_word' id='word_1_47' title='bbox 720 993 863 1056; x_wconf 79' lang='lat' dir='ltr'>Hymenaeus</span> <span class='ocrx_word' id='word_1_48' title='bbox 870 992 903 1042; x_wconf 88' lang='lat' dir='ltr'>ad</span> <span class='ocrx_word' id='word_1_49' title='bbox 913 994 980 1060; x_wconf 79' lang='lat' dir='ltr'>ignee</span> 
     </span>
     <span class='ocr_line' id='line_1_8' title="bbox 275 1071 911 1138; baseline -0.005 -14"><span class='ocrx_word' id='word_1_50' title='bbox 275 1072 431 1124; x_wconf 75' lang='lat' dir='ltr'>Conveniunt</span> <span class='ocrx_word' id='word_1_51' title='bbox 441 1087 449 1130; x_wconf 70' lang='lat' dir='ltr'>i</span> <span class='ocrx_word' id='word_1_52' title='bbox 459 1073 598 1138; x_wconf 85' lang='lat' dir='ltr'>potiturque</span> <span class='ocrx_word' id='word_1_53' title='bbox 616 1071 658 1120; x_wconf 81' lang='lat' dir='ltr'>sui</span> <span class='ocrx_word' id='word_1_54' title='bbox 671 1087 728 1136; x_wconf 82' lang='lat' dir='ltr'>puer</span> <span class='ocrx_word' id='word_1_55' title='bbox 741 1072 806 1136; x_wconf 76' lang='lat' dir='ltr'>lphis</span> <span class='ocrx_word' id='word_1_56' title='bbox 815 1072 911 1121; x_wconf 80' lang='lat' dir='ltr'>Ianthe.</span> 
     </span>
    </p>
   </div>
   <div class='ocr_carea' id='block_1_3' title="bbox 274 1199 990 1438">
    <p class='ocr_par' dir='ltr' id='par_1_3' title="bbox 274 1199 990 1438">
     <span class='ocr_line' id='line_1_9' title="bbox 274 1199 990 1272; baseline 0.007 -4"><span class='ocrx_word' id='word_1_57' title='bbox 274 1199 990 1272; x_wconf 51' lang='lat' dir='ltr'>mwnwsswe·</span> 
     </span>
     <span class='ocr_line' id='line_1_10' title="bbox 427 1316 775 1438; baseline 0.009 -4"><span class='ocrx_word' id='word_1_58' title='bbox 427 1316 477 1438; x_wconf 50' lang='grc' dir='ltr'>’,ι</span> <span class='ocrx_word' id='word_1_59' title='bbox 496 1370 520 1436; x_wconf 81' lang='lat'><em>1</em></span> <span class='ocrx_word' id='word_1_60' title='bbox 540 1369 571 1438; x_wconf 82' lang='lat' dir='ltr'><em>B</em></span> <span class='ocrx_word' id='word_1_61' title='bbox 594 1369 683 1438; x_wconf 73' lang='lat' dir='ltr'>nrt</span> <span class='ocrx_word' id='word_1_62' title='bbox 730 1371 775 1437; x_wconf 79' lang='lat' dir='ltr'>r.</span> 
     </span>
    </p>
   </div>
   <div class='ocr_carea' id='block_1_4' title="bbox 182 1475 990 3235">
    <p class='ocr_par' dir='ltr' id='par_1_4' title="bbox 182 1475 948 1842">
     <span class='ocr_line' id='line_1_11' title="bbox 182 1475 916 1610; baseline 0.001 -17"><span class='ocrx_word' id='word_1_63' title='bbox 182 1603 184 1608; x_wconf 28' lang='grc' dir='ltr'>Ι</span> <span class='ocrx_word' id='word_1_64' title='bbox 258 1579 261 1588; x_wconf 85' lang='grc'>.</span> <span class='ocrx_word' id='word_1_65' title='bbox 273 1475 334 1594; x_wconf 55' lang='lat' dir='ltr'>Ia</span> <span class='ocrx_word' id='word_1_66' title='bbox 342 1560 379 1594; x_wconf 80' lang='lat' dir='ltr'>or</span> <span class='ocrx_word' id='word_1_67' title='bbox 391 1559 431 1610; x_wconf 91' lang='lat' dir='ltr'>per</span> <span class='ocrx_word' id='word_1_68' title='bbox 441 1545 601 1603; x_wconf 82' lang='lat' dir='ltr'>immensum,</span> <span class='ocrx_word' id='word_1_69' title='bbox 612 1559 698 1593; x_wconf 85' lang='lat' dir='ltr'>croceo</span> <span class='ocrx_word' id='word_1_70' title='bbox 708 1542 800 1595; x_wconf 78' lang='lat' dir='ltr'>velatur</span> <span class='ocrx_word' id='word_1_71' title='bbox 810 1545 897 1594; x_wconf 78' lang='lat' dir='ltr'>ernisto</span> <span class='ocrx_word' id='word_1_72' title='bbox 908 1578 916 1604; x_wconf 91' lang='lat'>‚</span> 
     </span>
     <span class='ocr_line' id='line_1_12' title="bbox 273 1619 948 1686; baseline -0.001 -14"><span class='ocrx_word' id='word_1_73' title='bbox 273 1623 333 1672; x_wconf 76' lang='lat' dir='ltr'>A&#39;e&#39;ra</span> <span class='ocrx_word' id='word_1_74' title='bbox 344 1619 492 1686; x_wconf 82' lang='lat' dir='ltr'>digreditur,</span> <span class='ocrx_word' id='word_1_75' title='bbox 509 1620 678 1686; x_wconf 85' lang='lat' dir='ltr'>Ciconumque</span> <span class='ocrx_word' id='word_1_76' title='bbox 693 1621 835 1684; x_wconf 78' lang='lat' dir='ltr'>Hymenreur</span> <span class='ocrx_word' id='word_1_77' title='bbox 847 1621 878 1671; x_wconf 77' lang='lat' dir='ltr'>ed</span> <span class='ocrx_word' id='word_1_78' title='bbox 893 1639 948 1672; x_wconf 77' lang='lat' dir='ltr'>orae</span> 
     </span>
     <span class='ocr_line' id='line_1_13' title="bbox 272 1697 886 1765; baseline 0 -17"><span class='ocrx_word' id='word_1_79' title='bbox 272 1697 362 1748; x_wconf 88' lang='lat' dir='ltr'>Tendit</span> <span class='ocrx_word' id='word_1_80' title='bbox 372 1717 379 1758; x_wconf 76' lang='lat' dir='ltr'>i</span> <span class='ocrx_word' id='word_1_81' title='bbox 399 1703 423 1748; x_wconf 74' lang='grc' dir='ltr'>δι</span> <span class='ocrx_word' id='word_1_82' title='bbox 435 1697 531 1762; x_wconf 66' lang='lat' dir='ltr'>Orphei</span> <span class='ocrx_word' id='word_1_83' title='bbox 539 1701 699 1765; x_wconf 74' lang='lat' dir='ltr'>nequicquam</span> <span class='ocrx_word' id='word_1_84' title='bbox 708 1713 769 1748; x_wconf 74' lang='lat' dir='ltr'>voce</span> <span class='ocrx_word' id='word_1_85' title='bbox 778 1714 886 1764; x_wconf 68' lang='lat' dir='ltr'>rogatur.</span> 
     </span>
     <span class='ocr_line' id='line_1_14' title="bbox 271 1773 887 1842; baseline 0.005 -18"><span class='ocrx_word' id='word_1_86' title='bbox 271 1773 356 1825; x_wconf 78' lang='lat' dir='ltr'>Adfuit</span> <span class='ocrx_word' id='word_1_87' title='bbox 373 1774 415 1824; x_wconf 90' lang='lat' dir='ltr'>ille</span> <span class='ocrx_word' id='word_1_88' title='bbox 426 1773 524 1842; x_wconf 84' lang='lat' dir='ltr'>quidem</span> <span class='ocrx_word' id='word_1_89' title='bbox 538 1793 545 1824; x_wconf 79' lang='lat' dir='ltr'>e</span> <span class='ocrx_word' id='word_1_90' title='bbox 557 1773 599 1824; x_wconf 90' lang='lat' dir='ltr'>sed</span> <span class='ocrx_word' id='word_1_91' title='bbox 609 1790 653 1824; x_wconf 86' lang='lat' dir='ltr'>nec</span> <span class='ocrx_word' id='word_1_92' title='bbox 663 1774 790 1826; x_wconf 84' lang='lat' dir='ltr'>sollemnia</span> <span class='ocrx_word' id='word_1_93' title='bbox 799 1777 887 1838; x_wconf 85' lang='lat' dir='ltr'>verba,</span> 
     </span>
    </p>

    <p class='ocr_par' dir='ltr' id='par_1_5' title="bbox 242 1851 826 1911">
     <span class='ocr_line' id='line_1_15' title="bbox 242 1851 826 1911; baseline 0.002 -9"><span class='ocrx_word' id='word_1_94' title='bbox 242 1862 253 1908; x_wconf 81' lang='grc' dir='ltr'><strong>ς</strong></span> <span class='ocrx_word' id='word_1_95' title='bbox 272 1851 323 1902; x_wconf 89' lang='lat' dir='ltr'>Nec</span> <span class='ocrx_word' id='word_1_96' title='bbox 334 1852 401 1902; x_wconf 80' lang='lat' dir='ltr'>laetos</span> <span class='ocrx_word' id='word_1_97' title='bbox 413 1852 494 1902; x_wconf 76' lang='lat' dir='ltr'>vultur</span> <span class='ocrx_word' id='word_1_98' title='bbox 506 1885 514 1911; x_wconf 94' lang='lat'>‚</span> <span class='ocrx_word' id='word_1_99' title='bbox 527 1867 571 1900; x_wconf 88' lang='lat' dir='ltr'>nec</span> <span class='ocrx_word' id='word_1_100' title='bbox 583 1851 641 1900; x_wconf 79' lang='lat' dir='ltr'>felix</span> <span class='ocrx_word' id='word_1_101' title='bbox 653 1853 734 1902; x_wconf 89' lang='lat' dir='ltr'>attulit</span> <span class='ocrx_word' id='word_1_102' title='bbox 744 1870 826 1903; x_wconf 87' lang='lat' dir='ltr'>omen.</span> 
     </span>
    </p>

    <p class='ocr_par' dir='ltr' id='par_1_6' title="bbox 270 1929 990 2231">
     <span class='ocr_line' id='line_1_16' title="bbox 271 1929 990 1997; baseline 0.008 -18"><span class='ocrx_word' id='word_1_103' title='bbox 271 1931 290 1979; x_wconf 83' lang='lat' dir='ltr'>F</span> <span class='ocrx_word' id='word_1_104' title='bbox 291 1945 320 1980; x_wconf 82' lang='lat' dir='ltr'>ax</span> <span class='ocrx_word' id='word_1_105' title='bbox 337 1945 433 1997; x_wconf 89' lang='lat' dir='ltr'>quoque</span> <span class='ocrx_word' id='word_1_106' title='bbox 445 1963 454 1990; x_wconf 90' lang='lat'>,</span> <span class='ocrx_word' id='word_1_107' title='bbox 465 1944 540 1996; x_wconf 81' lang='lat' dir='ltr'>quarn</span> <span class='ocrx_word' id='word_1_108' title='bbox 550 1932 647 1989; x_wconf 82' lang='lat' dir='ltr'>tenuit,</span> <span class='ocrx_word' id='word_1_109' title='bbox 661 1929 796 1993; x_wconf 83' lang='lat' dir='ltr'>lacrymoso</span> <span class='ocrx_word' id='word_1_110' title='bbox 807 1930 905 1982; x_wconf 86' lang='lat' dir='ltr'>stridula</span> <span class='ocrx_word' id='word_1_111' title='bbox 919 1933 990 1986; x_wconf 90' lang='lat' dir='ltr'>fumo</span> 
     </span>
     <span class='ocr_line' id='line_1_17' title="bbox 271 2006 882 2074; baseline 0.003 -18"><span class='ocrx_word' id='word_1_112' title='bbox 271 2006 353 2074; x_wconf 85' lang='lat' dir='ltr'>Usque</span> <span class='ocrx_word' id='word_1_113' title='bbox 369 2008 430 2062; x_wconf 83' lang='lat' dir='ltr'>fuit,</span> <span class='ocrx_word' id='word_1_114' title='bbox 447 2006 574 2071; x_wconf 75' lang='lat' dir='ltr'>nullosque</span> <span class='ocrx_word' id='word_1_115' title='bbox 587 2006 678 2056; x_wconf 72' lang='lat' dir='ltr'>invenie</span> <span class='ocrx_word' id='word_1_116' title='bbox 688 2010 794 2057; x_wconf 81' lang='lat' dir='ltr'>motibus</span> <span class='ocrx_word' id='word_1_117' title='bbox 806 2013 882 2073; x_wconf 76' lang='lat' dir='ltr'>ignee.</span> 
     </span>
     <span class='ocr_line' id='line_1_18' title="bbox 271 2084 895 2151; baseline 0.003 -16"><span class='ocrx_word' id='word_1_118' title='bbox 271 2086 354 2135; x_wconf 76' lang='lat' dir='ltr'>Exitus</span> <span class='ocrx_word' id='word_1_119' title='bbox 370 2088 475 2151; x_wconf 87' lang='lat' dir='ltr'>auspicio</span> <span class='ocrx_word' id='word_1_120' title='bbox 485 2084 596 2150; x_wconf 79' lang='lat' dir='ltr'>gravior:</span> <span class='ocrx_word' id='word_1_121' title='bbox 609 2102 666 2136; x_wconf 88' lang='lat' dir='ltr'>nam</span> <span class='ocrx_word' id='word_1_122' title='bbox 674 2101 748 2151; x_wconf 82' lang='lat' dir='ltr'>nupta</span> <span class='ocrx_word' id='word_1_123' title='bbox 757 2103 799 2151; x_wconf 91' lang='lat' dir='ltr'>per</span> <span class='ocrx_word' id='word_1_124' title='bbox 811 2090 895 2137; x_wconf 85' lang='lat' dir='ltr'>herbae</span> 
     </span>
     <span class='ocr_line' id='line_1_19' title="bbox 270 2160 939 2231; baseline 0.003 -18"><span class='ocrx_word' id='word_1_125' title='bbox 270 2164 338 2213; x_wconf 89' lang='lat' dir='ltr'>Dunr</span> <span class='ocrx_word' id='word_1_126' title='bbox 355 2181 437 2220; x_wconf 82' lang='lat' dir='ltr'>nova,</span> <span class='ocrx_word' id='word_1_127' title='bbox 458 2160 580 2213; x_wconf 84' lang='lat' dir='ltr'>Naiadum</span> <span class='ocrx_word' id='word_1_128' title='bbox 593 2162 804 2224; x_wconf 64' lang='lat' dir='ltr'>cothurnorum,</span> <span class='ocrx_word' id='word_1_129' title='bbox 822 2179 939 2231; x_wconf 79' lang='lat' dir='ltr'>vagatur,</span> 
     </span>
    </p>

    <p class='ocr_par' dir='ltr' id='par_1_7' title="bbox 225 2239 989 2621">
     <span class='ocr_line' id='line_1_20' title="bbox 225 2239 856 2307; baseline 0.005 -18"><span class='ocrx_word' id='word_1_130' title='bbox 225 2254 255 2289; x_wconf 79' lang='lat' dir='ltr'>ro</span> <span class='ocrx_word' id='word_1_131' title='bbox 271 2239 390 2301; x_wconf 82' lang='lat' dir='ltr'>Decidit,</span> <span class='ocrx_word' id='word_1_132' title='bbox 405 2240 520 2290; x_wconf 81' lang='lat' dir='ltr'>inealunr</span> <span class='ocrx_word' id='word_1_133' title='bbox 536 2243 650 2305; x_wconf 76' lang='lat' dir='ltr'>serpentis</span> <span class='ocrx_word' id='word_1_134' title='bbox 665 2240 736 2291; x_wconf 86' lang='lat' dir='ltr'>dente</span> <span class='ocrx_word' id='word_1_135' title='bbox 751 2257 856 2307; x_wconf 88' lang='lat' dir='ltr'>recepto.</span> 
     </span>
     <span class='ocr_line' id='line_1_21' title="bbox 271 2316 969 2386; baseline 0.006 -18"><span class='ocrx_word' id='word_1_136' title='bbox 271 2320 351 2380; x_wconf 83' lang='lat' dir='ltr'>Quam</span> <span class='ocrx_word' id='word_1_137' title='bbox 367 2321 421 2369; x_wconf 79' lang='lat' dir='ltr'>satie</span> <span class='ocrx_word' id='word_1_138' title='bbox 430 2316 462 2368; x_wconf 88' lang='lat' dir='ltr'>ad</span> <span class='ocrx_word' id='word_1_139' title='bbox 473 2319 565 2383; x_wconf 72' lang='lat' dir='ltr'>superae</span> <span class='ocrx_word' id='word_1_140' title='bbox 583 2319 637 2383; x_wconf 84' lang='lat' dir='ltr'>post</span> <span class='ocrx_word' id='word_1_141' title='bbox 647 2317 722 2386; x_wconf 73' lang='lat' dir='ltr'>qoem</span> <span class='ocrx_word' id='word_1_142' title='bbox 734 2318 890 2385; x_wconf 79' lang='lat' dir='ltr'>Rhodopeius</span> <span class='ocrx_word' id='word_1_143' title='bbox 899 2337 969 2373; x_wconf 82' lang='lat' dir='ltr'>aurae</span> 
     </span>
     <span class='ocr_line' id='line_1_22' title="bbox 270 2394 845 2457; baseline 0 -12"><span class='ocrx_word' id='word_1_144' title='bbox 270 2394 375 2445; x_wconf 85' lang='lat' dir='ltr'>Deflevit</span> <span class='ocrx_word' id='word_1_145' title='bbox 388 2410 474 2452; x_wconf 60' lang='lat' dir='ltr'>‹vatea3</span> <span class='ocrx_word' id='word_1_146' title='bbox 485 2411 515 2445; x_wconf 89' lang='lat' dir='ltr'>ne</span> <span class='ocrx_word' id='word_1_147' title='bbox 525 2410 575 2443; x_wconf 90' lang='lat' dir='ltr'>non</span> <span class='ocrx_word' id='word_1_148' title='bbox 588 2409 689 2445; x_wconf 78' lang='lat' dir='ltr'>tentaret</span> <span class='ocrx_word' id='word_1_149' title='bbox 698 2400 724 2445; x_wconf 74' lang='grc' dir='ltr'>δι</span> <span class='ocrx_word' id='word_1_150' title='bbox 734 2398 845 2457; x_wconf 84' lang='lat' dir='ltr'>umbrat,</span> 
     </span>
     <span class='ocr_line' id='line_1_23' title="bbox 270 2470 879 2539; baseline 0.007 -18"><span class='ocrx_word' id='word_1_151' title='bbox 270 2471 309 2521; x_wconf 79' lang='lat' dir='ltr'>Ad</span> <span class='ocrx_word' id='word_1_152' title='bbox 321 2474 393 2537; x_wconf 85' lang='lat' dir='ltr'>Styga</span> <span class='ocrx_word' id='word_1_153' title='bbox 403 2470 513 2521; x_wconf 73' lang='lat' dir='ltr'>Taenarii</span> <span class='ocrx_word' id='word_1_154' title='bbox 522 2472 554 2522; x_wconf 90' lang='lat' dir='ltr'>est</span> <span class='ocrx_word' id='word_1_155' title='bbox 565 2474 635 2521; x_wconf 74' lang='lat' dir='ltr'>ausus</span> <span class='ocrx_word' id='word_1_156' title='bbox 645 2471 786 2523; x_wconf 82' lang='lat' dir='ltr'>descendere</span> <span class='ocrx_word' id='word_1_157' title='bbox 800 2475 879 2539; x_wconf 71' lang='lat' dir='ltr'>porti.</span> 
     </span>
     <span class='ocr_line' id='line_1_24' title="bbox 270 2548 989 2621; baseline 0.013 -22"><span class='ocrx_word' id='word_1_158' title='bbox 270 2548 360 2615; x_wconf 90' lang='lat' dir='ltr'>Perque</span> <span class='ocrx_word' id='word_1_159' title='bbox 371 2548 432 2599; x_wconf 77' lang='lat' dir='ltr'>leves</span> <span class='ocrx_word' id='word_1_160' title='bbox 442 2548 562 2613; x_wconf 80' lang='lat' dir='ltr'>populor,</span> <span class='ocrx_word' id='word_1_161' title='bbox 577 2550 749 2618; x_wconf 79' lang='lat' dir='ltr'>simulacraque</span> <span class='ocrx_word' id='word_1_162' title='bbox 759 2552 839 2603; x_wconf 71' lang='lat' dir='ltr'>sunna</span> <span class='ocrx_word' id='word_1_163' title='bbox 853 2555 989 2621; x_wconf 73' lang='lat' dir='ltr'>sepulcris,</span> 
     </span>
    </p>

    <p class='ocr_par' dir='ltr' id='par_1_8' title="bbox 225 2624 969 3001">
     <span class='ocr_line' id='line_1_25' title="bbox 225 2624 927 2697; baseline 0.01 -23"><span class='ocrx_word' id='word_1_164' title='bbox 225 2640 250 2691; x_wconf 84' lang='lat'>¹5</span> <span class='ocrx_word' id='word_1_165' title='bbox 271 2626 434 2690; x_wconf 84' lang='lat' dir='ltr'>Persephonen</span> <span class='ocrx_word' id='word_1_166' title='bbox 445 2624 524 2681; x_wconf 85' lang='lat' dir='ltr'>adiit.</span> <span class='ocrx_word' id='word_1_167' title='bbox 541 2630 709 2695; x_wconf 64' lang='lat' dir='ltr'>inamoenaque</span> <span class='ocrx_word' id='word_1_168' title='bbox 720 2646 792 2697; x_wconf 73' lang='lat' dir='ltr'>regna</span> <span class='ocrx_word' id='word_1_169' title='bbox 807 2646 927 2683; x_wconf 85' lang='lat' dir='ltr'>tenentem</span> 
     </span>
     <span class='ocr_line' id='line_1_26' title="bbox 271 2702 969 2773; baseline 0.01 -20"><span class='ocrx_word' id='word_1_170' title='bbox 271 2704 416 2753; x_wconf 87' lang='lat' dir='ltr'>Umbrarum</span> <span class='ocrx_word' id='word_1_171' title='bbox 428 2702 554 2753; x_wconf 81' lang='lat' dir='ltr'>dominum</span> <span class='ocrx_word' id='word_1_172' title='bbox 566 2724 573 2753; x_wconf 84' lang='lat' dir='ltr'>r</span> <span class='ocrx_word' id='word_1_173' title='bbox 584 2706 703 2772; x_wconf 77' lang='lat' dir='ltr'>pulsisque</span> <span class='ocrx_word' id='word_1_174' title='bbox 712 2706 743 2757; x_wconf 84' lang='lat' dir='ltr'>ad</span> <span class='ocrx_word' id='word_1_175' title='bbox 756 2710 862 2757; x_wconf 84' lang='lat' dir='ltr'>carmina</span> <span class='ocrx_word' id='word_1_176' title='bbox 870 2714 969 2773; x_wconf 75' lang='lat' dir='ltr'>nereis,</span> 
     </span>
     <span class='ocr_line' id='line_1_27' title="bbox 271 2782 859 2846; baseline 0.007 -16"><span class='ocrx_word' id='word_1_177' title='bbox 271 2784 309 2831; x_wconf 86' lang='lat' dir='ltr'>Sic</span> <span class='ocrx_word' id='word_1_178' title='bbox 321 2785 363 2831; x_wconf 88' lang='lat' dir='ltr'>ait.</span> <span class='ocrx_word' id='word_1_179' title='bbox 383 2782 404 2831; x_wconf 92' lang='lat'>0</span> <span class='ocrx_word' id='word_1_180' title='bbox 413 2782 419 2831; x_wconf 88' lang='lat' dir='ltr'>l</span> <span class='ocrx_word' id='word_1_181' title='bbox 429 2824 430 2829; x_wconf 70' lang='grc'>,</span> <span class='ocrx_word' id='word_1_182' title='bbox 436 2784 508 2846; x_wconf 77' lang='lat' dir='ltr'>positi</span> <span class='ocrx_word' id='word_1_183' title='bbox 519 2784 561 2831; x_wconf 91' lang='lat' dir='ltr'>sub</span> <span class='ocrx_word' id='word_1_184' title='bbox 579 2783 640 2832; x_wconf 76' lang='lat' dir='ltr'>terrai</span> <span class='ocrx_word' id='word_1_185' title='bbox 649 2787 749 2833; x_wconf 86' lang='lat' dir='ltr'>nurnine</span> <span class='ocrx_word' id='word_1_186' title='bbox 758 2784 859 2844; x_wconf 89' lang='lat' dir='ltr'>mundi,</span> 
     </span>
     <span class='ocr_line' id='line_1_28' title="bbox 271 2853 912 2925; baseline 0.009 -18"><span class='ocrx_word' id='word_1_187' title='bbox 271 2858 300 2907; x_wconf 90' lang='lat' dir='ltr'>ln</span> <span class='ocrx_word' id='word_1_188' title='bbox 320 2876 391 2924; x_wconf 75' lang='lat' dir='ltr'>quern</span> <span class='ocrx_word' id='word_1_189' title='bbox 401 2853 533 2910; x_wconf 80' lang='lat' dir='ltr'>recidimus</span> <span class='ocrx_word' id='word_1_190' title='bbox 545 2858 662 2925; x_wconf 79' lang='lat' dir='ltr'>quicquid</span> <span class='ocrx_word' id='word_1_191' title='bbox 671 2861 772 2918; x_wconf 86' lang='lat' dir='ltr'>mortale</span> <span class='ocrx_word' id='word_1_192' title='bbox 786 2878 912 2925; x_wconf 81' lang='lat' dir='ltr'>creamur3</span> 
     </span>
     <span class='ocr_line' id='line_1_29' title="bbox 271 2934 835 3001; baseline 0.011 -19"><span class='ocrx_word' id='word_1_193' title='bbox 271 2936 295 2982; x_wconf 88' lang='lat' dir='ltr'>Si</span> <span class='ocrx_word' id='word_1_194' title='bbox 308 2934 385 2994; x_wconf 84' lang='lat' dir='ltr'>licet,</span> <span class='ocrx_word' id='word_1_195' title='bbox 404 2938 447 2993; x_wconf 66' lang='lat'>„&amp;‚</span> <span class='ocrx_word' id='word_1_196' title='bbox 461 2934 519 2983; x_wconf 68' lang='lat' dir='ltr'>,falsi</span> <span class='ocrx_word' id='word_1_197' title='bbox 530 2937 613 2999; x_wconf 78' lang='lat' dir='ltr'>positis</span> <span class='ocrx_word' id='word_1_198' title='bbox 622 2939 760 3001; x_wconf 76' lang='lat' dir='ltr'>ambagibus</span> <span class='ocrx_word' id='word_1_199' title='bbox 771 2943 835 2998; x_wconf 84' lang='lat' dir='ltr'>orie,</span> 
     </span>
    </p>

    <p class='ocr_par' dir='ltr' id='par_1_9' title="bbox 224 3011 989 3235">
     <span class='ocr_line' id='line_1_30' title="bbox 224 3011 989 3081; baseline 0.018 -22"><span class='ocrx_word' id='word_1_200' title='bbox 224 3028 254 3059; x_wconf 76' lang='lat' dir='ltr'>eo</span> <span class='ocrx_word' id='word_1_201' title='bbox 271 3012 334 3062; x_wconf 81' lang='lat' dir='ltr'>Vera</span> <span class='ocrx_word' id='word_1_202' title='bbox 350 3011 417 3078; x_wconf 91' lang='lat' dir='ltr'>loqui</span> <span class='ocrx_word' id='word_1_203' title='bbox 431 3013 523 3070; x_wconf 75' lang='lat' dir='ltr'>sinitlse</span> <span class='ocrx_word' id='word_1_204' title='bbox 536 3028 585 3061; x_wconf 84' lang='lat' dir='ltr'>non</span> <span class='ocrx_word' id='word_1_205' title='bbox 595 3016 642 3063; x_wconf 86' lang='lat' dir='ltr'>huc</span> <span class='ocrx_word' id='word_1_206' title='bbox 652 3049 661 3070; x_wconf 87' lang='lat'><em>,</em></span> <span class='ocrx_word' id='word_1_207' title='bbox 673 3031 700 3064; x_wconf 91' lang='lat' dir='ltr'>ut</span> <span class='ocrx_word' id='word_1_208' title='bbox 713 3016 907 3081; x_wconf 78' lang='lat' dir='ltr'>opacavidcrem</span> <span class='ocrx_word' id='word_1_209' title='bbox 983 3019 989 3025; x_wconf 68' lang='grc'><em>’</em></span> 
     </span>
     <span class='ocr_line' id='line_1_31' title="bbox 272 3087 985 3148; baseline 0.011 -11"><span class='ocrx_word' id='word_1_210' title='bbox 272 3090 387 3148; x_wconf 82' lang='lat' dir='ltr'>Tartara,</span> <span class='ocrx_word' id='word_1_211' title='bbox 404 3087 513 3139; x_wconf 89' lang='lat' dir='ltr'>descendi</span> <span class='ocrx_word' id='word_1_212' title='bbox 519 3106 527 3147; x_wconf 81' lang='lat'>3</span> <span class='ocrx_word' id='word_1_213' title='bbox 537 3104 582 3139; x_wconf 84' lang='lat' dir='ltr'>uec</span> <span class='ocrx_word' id='word_1_214' title='bbox 593 3095 629 3143; x_wconf 90' lang='lat' dir='ltr'>uti</span> <span class='ocrx_word' id='word_1_215' title='bbox 639 3092 725 3141; x_wconf 78' lang='lat' dir='ltr'>villosa</span> <span class='ocrx_word' id='word_1_216' title='bbox 734 3094 838 3144; x_wconf 81' lang='lat' dir='ltr'>colubris</span> <span class='ocrx_word' id='word_1_217' title='bbox 848 3108 852 3113; x_wconf 90' lang='grc'><strong>’</strong></span> <span class='ocrx_word' id='word_1_218' title='bbox 881 3114 885 3121; x_wconf 95' lang='grc'><em>·</em></span> <span class='ocrx_word' id='word_1_219' title='bbox 980 3096 985 3110; x_wconf 86' lang='grc'><strong><em>’</em></strong></span> 
     </span>
     <span class='ocr_line' id='line_1_32' title="bbox 272 3164 829 3235; baseline 0.011 -20"><span class='ocrx_word' id='word_1_220' title='bbox 272 3166 351 3215; x_wconf 86' lang='lat' dir='ltr'>Tcrua</span> <span class='ocrx_word' id='word_1_221' title='bbox 367 3164 481 3219; x_wconf 71' lang='lat' dir='ltr'>Medrrsei</span> <span class='ocrx_word' id='word_1_222' title='bbox 490 3170 606 3219; x_wconf 77' lang='lat' dir='ltr'>vincirem</span> <span class='ocrx_word' id='word_1_223' title='bbox 614 3180 711 3235; x_wconf 71' lang='lat' dir='ltr'>guttura</span> <span class='ocrx_word' id='word_1_224' title='bbox 721 3171 829 3222; x_wconf 84' lang='lat' dir='ltr'>monstri.</span> 
     </span>
    </p>
   </div>
   <div class='ocr_carea' id='block_1_5' title="bbox 0 0 1172 4150">
    <p class='ocr_par' dir='ltr' id='par_1_10' title="bbox 0 0 1172 4150">
     <span class='ocr_line' id='line_1_33' title="bbox 0 0 1172 4150; baseline 0 0"><span class='ocrx_word' id='word_1_225' title='bbox 0 0 1172 4150; x_wconf 95' lang='lat' dir='ltr'> </span> 
     </span>
    </p>
   </div>
  </div>
 </body>
</html>
