2334 4150
252 523 729 604 Marauoaruoraoui.
744 521 809 597 Vr.
838 546 925 616 131.

185 655 221 706 Hi
236 672 335 721 quoque
346 671 389 704 vos
399 668 532 714 moveant,
551 656 594 719 qui
604 652 686 702 nostro
699 653 796 702 brachia
807 652 905 704 tendunt

185 735 264 785 Parva
275 738 328 784 sinu
339 753 346 781 ι
358 737 383 783 bt
395 736 449 782 casu
460 731 590 784 tendebant
601 733 695 782 brachia
706 735 766 781 nati.

186 811 270 870 Quem
280 827 331 861 non
342 809 430 861 blanda
439 811 496 860 Deae
506 807 637 876 potuiffent
648 813 720 862 verba
730 818 845 862 movere?
911 809 960 857 350

186 888 222 937 Hi
233 904 316 938 tamen
326 905 436 939 orantem
446 889 549 954 perstant
560 891 684 954 prohibere
695 909 701 937 t
714 893 838 954 minasque
848 923 856 948 ,

186 965 223 1014 Ni
235 967 321 1030 procul
331 965 441 1016 abscedat
452 1001 460 1027 ‚
478 971 633 1032 conviciaque
644 969 737 1032 insuper
746 965 847 1018 addunt.

187 1044 240 1093 Nec
252 1047 308 1094 satis
318 1048 365 1094 hoc
376 1065 383 1094 ι
397 1048 459 1112 ipsos
470 1049 542 1094 etiam
552 1045 697 1112 pedibusque
708 1061 828 1111 manuque

185 1120 325 1171 Turbavere
335 1114 399 1172 lacus
411 1127 526 1189 timeque
537 1140 550 1172 e
560 1127 653 1188 gurgite
667 1123 769 1174 mollem

186 1199 242 1249 Hu'c
252 1201 313 1252 illuc
323 1202 410 1250 limum
421 1202 482 1251 saltu
491 1202 588 1252 morire
598 1202 715 1267 maligno.
907 1202 950 1254 3‘5

88 1286 89 1289 ’
186 1277 289 1328 Distulit
298 1282 334 1330 ira
344 1283 424 1330 sitim:
439 1283 592 1345 nequeenim
604 1283 652 1345 jam
664 1279 714 1329 filia
724 1279 781 1332 Coei

187 1357 313 1422 Supplicat
322 1356 444 1423 indignir3
461 1374 504 1407 uec
516 1356 595 1407 dicere
606 1359 701 1408 sustinet
711 1360 774 1408 ultra

188 1434 269 1483 Verba
279 1438 374 1486 minora
384 1435 446 1484 Dei.
459 1434 606 1501 Tollentque
618 1435 647 1486 ad
658 1435 734 1487 sidera
745 1436 851 1502 palmas,

186 1510 315 1562 AEtetnum
322 1502 407 1578 'stagno
418 1549 426 1573 ,
438 1512 516 1571 diiit,
529 1517 616 1565 vivatis
626 1517 650 1562 in
661 1515 705 1562 isto
716 1515 724 1562 l

186 1590 309 1641 Eveniunt
319 1607 401 1657 optata
411 1592 488 1641 Dea:
498 1596 565 1657 juvat
576 1589 618 1640 iffe
628 1593 671 1642 iub
682 1589 773 1649 undas3
906 1591 951 1636 370

186 1667 219 1718 Et
228 1669 307 1720 modb
317 1685 369 1719 tota
378 1670 437 1720 cavi
447 1673 606 1735 summergere
617 1671 724 1719 membra
735 1668 821 1734 palude
831 1688 839 1728 3

186 1747 260 1798 Nunc
269 1749 376 1814 proferre
389 1765 476 1816 caput3
492 1750 588 1798 summo
599 1746 675 1798 modd
686 1751 779 1812 gurgite
789 1763 844 1797 nare
853 1765 861 1807 3

187 1828 254 1891 Saepe
262 1828 331 1892 super
341 1831 418 1892 ripam
429 1827 504 1892 stagni
515 1825 636 1877 considere
647 1845 654 1875 t
666 1829 725 1892 sape

186 1905 215 1953 ln
225 1903 318 1970 gelidos
327 1907 416 1955 resilire
428 1907 502 1956 lacus.
512 1906 544 1956 Et
553 1921 617 1955 nunc
628 1921 723 1971 quoque
735 1919 813 1970 turpes

186 1983 281 2032 Litibus
292 1999 401 2034 exercent
411 1984 502 2050 linguat
512 2001 520 2032 t
532 1984 647 2050 pulsoque
658 1981 765 2048 pudore,
905 1979 948 2026 375

187 2061 305 2122 Quamvis
315 2066 362 2113 sint
371 2064 414 2111 sub
425 2080 501 2130 aqua,
514 2064 556 2113 sub
566 2080 627 2129 aqua
637 2060 778 2112 maledicere
793 2073 886 2109 tentant

185 2141 241 2190 Vox
249 2158 346 2207 quoque
352 2146 402 2207 jam
410 2159 481 2191 rauca
488 2142 532 2196 est,
541 2140 670 2207 inflataque
679 2138 743 2188 colla
750 2139 883 2187 tumescunt
892 2156 901 2196 3

183 2217 287 2283 ipsaque
301 2218 402 2268 dilatant
412 2220 505 2285 patulos
517 2222 626 2269 convicia
639 2221 718 2267 rietus.

185 2294 265 2360 Terga
276 2312 347 2361 caput
358 2313 475 2363 tanguntz
487 2294 551 2347 colla
560 2300 691 2361 intercepta
699 2292 811 2347 videntur
821 2314 828 2355 3

185 2376 259 2438 Spina
268 2378 330 2424 viret
340 2394 347 2423 t
358 2393 458 2435 venter,
472 2393 524 2441 part
533 2378 637 2425 maxima
648 2376 768 2440 corporis,
784 2374 847 2423 albet
859 2392 865 2433 3
903 2371 949 2431 380

184 2451 333 2519 limosoque
342 2471 412 2505 nova
421 2454 509 2505 saliunt
518 2458 544 2504 in
553 2457 646 2521 gurgite
657 2446 727 2503 rana.

218 2613 256 2660 Sic
270 2614 311 2661 ubi
325 2615 469 2681 nescioquis
483 2615 557 2677 Lycii
568 2614 599 2664 de
611 2630 680 2680 gente
694 2617 802 2665 virorum

185 2690 279 2740 Retulit
287 2696 386 2741 exitium
399 2711 407 2751 3
424 2696 501 2755 Satyri
511 2694 670 2742 reminiscitur
680 2692 756 2751 alter,

184 2768 265 2829 Quem
281 2770 420 2819 Tritoniaca
431 2771 520 2820 Latoiit
529 2768 644 2819 arundine
654 2771 744 2819 viuum

184 2844 274 2896 affecit
283 2847 364 2912 pant.
375 2846 442 2908 Quid
455 2864 494 2897 me
509 2846 705 2897 minturnis?
720 2848 807 2912 inquit.
901 2828 945 2891 ³³5

183 2926 237 2974 Ah!
251 2929 332 2990 piget:
344 2927 390 2975 ah!
402 2928 513 2984 nonest,
525 2926 660 2986 elambat,
677 2925 735 2975 tibia
747 2927 816 2973 tanti.

183 3002 309 3052 Clamanti
321 3007 383 3053 cutis
395 3004 428 3053 est
437 3006 543 3054 summos
552 3003 649 3070 derepta
658 3022 700 3070 per
710 3019 773 3053 artus
782 3022 790 3063 3

184 3079 236 3128 Nec
245 3084 391 3147 quicquam,
401 3085 447 3131 niti
454 3082 540 3132 vulnus
548 3098 613 3132 erat:
623 3098 692 3132 cruor
701 3081 775 3146 uudiq
783 3099 791 3139 3
800 3088 881 3131 marra't
890 3100 896 3131 =

182 3156 325 3223 Dettfflque
335 3176 418 3224 patent
426 3163 492 3209 nervi
502 3193 511 3213 ,
523 3159 667 3226 trepidaeque
679 3162 729 3208 sine
740 3160 789 3209 ulla

183 3234 250 3284 Pelle
260 3240 352 3289 micant
360 3254 436 3289 vene.
451 3237 564 3288 salientia
576 3240 664 3290 viscera
674 3238 766 3303 possis,
795 3240 798 3249 '

744 3316 801 3380 ij
