2334 4150
258 606 302 676 54
359 584 421 686 ⁶1³.
451 582 606 665 Ortum
629 581 826 649 NAsours

254 706 307 756 lam
325 704 385 757 vada
396 705 512 771 Cephisi,
526 703 679 768 Panopesque
693 703 798 753 evaserat
807 717 863 753 arua

208 798 237 835 ιο
253 784 317 843 Eos,
331 785 409 841 stetit;
425 788 463 841 δι,
480 781 566 835 tollens
581 782 708 846 spatiosam
722 783 834 832 cornibus
844 780 900 829 altis

202 910 211 925 „
253 860 291 911 Ad
308 862 397 911 coelum
415 861 535 915 frontem,
552 861 684 924 mugitibus
694 858 792 924 impulit
809 875 886 908 auras.

253 942 331 1005 Atque
340 942 389 998 ita,
408 940 531 1002 respiciens
543 940 643 1005 cornices
660 940 701 986 sua
712 953 778 1003 terga
790 938 931 1002 sequentes,

252 1017 402 1075 Procubuit,
419 1016 545 1083 tenerique
556 1016 618 1065 latus
629 1018 737 1068 submisit
750 1018 775 1065 in
790 1016 871 1065 herba.

253 1092 361 1143 Cadmus
377 1098 426 1159 agit
440 1110 527 1159 grates,
543 1099 718 1161 peregrinaque
734 1095 816 1146 oscula
826 1109 896 1146 tem

205 1180 232 1224 ²5
253 1172 316 1237 Figit
326 1192 334 1225 t
346 1178 369 1221 δι
387 1176 483 1237 ignotus
502 1189 727 1239 montes-agrosque
743 1173 837 1222 salutat.

253 1252 323 1311 Sacra
334 1252 387 1302 Jovi
398 1252 499 1301 fassurus
510 1268 561 1301 erat
573 1271 579 1300 ι
592 1254 660 1316 jubet
667 1257 701 1301 ire
711 1251 850 1311 ministros,

251 1328 284 1379 Et
301 1345 380 1393 petere
394 1348 407 1379 e
422 1333 482 1379 vivis
492 1328 600 1381 libandas
611 1330 718 1379 fontibus
729 1328 813 1379 undas.
853 1323 856 1329 ’

253 1407 317 1461 Silva
328 1424 395 1457 vetus
411 1408 485 1458 stabat
495 1444 502 1468 ‚
514 1408 582 1457 nulli
593 1408 684 1458 violata
695 1410 784 1457 securi:
869 1446 872 1451 .

253 1483 292 1533 Est
306 1488 386 1551 specus
397 1492 421 1535 iu
430 1485 528 1546 medio,
542 1490 615 1551 virgis
624 1503 652 1536 ec
666 1489 755 1536 vimine
767 1484 874 1545 densus,

208 1580 235 1623 30
254 1562 364 1617 Efficiens
381 1566 497 1615 humilem
510 1563 617 1630 lapidum
630 1566 785 1630 compagibus
797 1580 895 1623 arcum3

253 1642 372 1692 Uberibus
384 1644 498 1693 fecundus
509 1646 583 1709 aquis.
598 1644 651 1693 Hoc
663 1642 774 1693 conditus
787 1658 857 1693 antro

255 1720 357 1773 Martius
372 1726 453 1786 anguis
469 1736 534 1779 erat,
547 1721 619 1768 cristis
630 1725 750 1787 praesignis
762 1726 785 1770 δι
797 1739 864 1770 auro.

254 1798 311 1863 Igne
326 1802 415 1847 micant
426 1799 491 1847 oculi
499 1818 506 1849 z
515 1814 600 1863 corpus
612 1814 689 1847 tumet
699 1816 771 1851 omne
783 1816 893 1849 venenos

255 1877 360 1942 Tresque
371 1879 465 1925 vibrant
476 1876 563 1940 linguae
573 1912 581 1935 ‚
593 1876 682 1942 triplici
694 1880 755 1926 liant
764 1876 848 1926 ordine
862 1874 957 1929 dentes.

209 1963 234 2006 35
255 1953 335 2014 Quem
344 1954 396 2018 post
411 1952 486 2019 quim
498 1954 572 2015 Tyrii
583 1954 668 2003 lucum
681 1953 792 2020 degente
806 1954 908 2020 profesli
969 1992 973 2000 ,

254 2032 358 2081 infausto
377 2035 475 2099 tetigere
490 2030 579 2098 gradu,
591 2030 738 2099 demissaque
753 2037 778 2082 in
790 2031 865 2082 undas

254 2111 321 2159 Urna
333 2109 400 2160 dedit
410 2114 514 2160 sonitum
528 2129 536 2168 ς,
548 2111 648 2180 longum
659 2127 730 2176 caput
747 2112 833 2160 extulit
843 2126 914 2161 antro

255 2189 377 2240 Caeruleus
391 2193 483 2260 serpens
494 2224 503 2244 ,
516 2187 684 2256 horrendaque
695 2191 764 2239 sibila
773 2191 847 2240 misit.

255 2268 371 2316 Effluxere
383 2285 447 2316 urna
457 2270 566 2316 manibus
579 2287 584 2314 :
597 2267 858 2332 sanguisquerelinquit

206 2353 237 2394 40
255 2345 366 2410 Corpus,
381 2347 405 2393 bt
417 2347 532 2394 attonitos
542 2347 632 2394 subitus
643 2360 733 2395 tremor
742 2358 845 2407 occupat
854 2356 931 2395 artus.

255 2423 299 2472 llle
319 2423 465 2472 volubilibus
482 2423 621 2488 squamosos
639 2424 737 2470 nexibus
751 2423 820 2469 orbes

255 2504 364 2568 Torquet
375 2537 383 2560 ‚
396 2505 420 2550 bt
430 2502 559 2549 immenibs
571 2501 630 2550 saltu
639 2503 747 2548 sinuatur
757 2503 782 2547 in
793 2515 859 2548 arcus
868 2516 877 2558 3

254 2583 289 2631 Ac
303 2578 384 2630 medii
398 2579 451 2645 plus
467 2593 532 2643 parre
545 2578 608 2628 leves
624 2580 712 2630 eresius
723 2581 826 2626 inauras

254 2659 362 2724 Despicit
375 2675 447 2708 omne
457 2674 541 2716 nemus
553 2677 558 2706 ι
569 2671 685 2723 mutoque
696 2657 728 2706 est
739 2673 857 2721 corpote,
867 2672 973 2723 quanto,

207 2765 235 2809 45
255 2740 279 2789 Si
290 2752 369 2788 totum
380 2740 482 2804 spectes,
494 2740 602 2802 geminas
610 2740 653 2803 qui
665 2739 756 2801 separat
767 2739 858 2786 Arbios.

256 2819 307 2868 Nec
320 2833 388 2870 mora
400 2837 406 2866 s
419 2818 559 2874 Phoenicas,
574 2821 583 2874 (
597 2819 646 2864 sive
657 2816 694 2863 illi
712 2816 759 2863 tela
775 2815 907 2880 parabant,

256 2899 309 2946 Sive
325 2896 407 2960 fugam
418 2913 424 2952 3
436 2897 485 2943 sive
496 2896 544 2957 ipse
557 2897 631 2942 timor
644 2894 788 2958 prohibebar
803 2892 973 2962 utrumque‚)

257 2974 383 3038 Occupat,
401 2974 445 3021 hos
456 2973 549 3031 morsu,
565 2971 643 3036 longis
657 2971 822 3036 complexibus
832 2972 889 3021 illos
900 2989 907 3021 t

256 3051 308 3101 iios
328 3066 397 3100 necat
413 3049 505 3100 afflatos
517 3049 601 3098 funesti
612 3051 665 3098 tabe
678 3052 772 3098 veneni.

212 3148 241 3193 50
258 3130 354 3178 Fecerat
370 3133 463 3194 exiguas
475 3133 523 3194 jam
535 3127 575 3177 Sol
587 3127 713 3176 altissimus
723 3130 834 3186 umbras3

259 3207 318 3266 Quae
331 3223 399 3255 mora
416 3209 446 3254 sit
455 3209 540 3264 sociis,
552 3209 652 3257 miratur
662 3207 770 3271 Agenore
781 3221 869 3266 natue„

259 3283 412 3362 Vestigatque
425 3286 498 3339 uiros.
515 3285 633 3355 segmen
642 3282 738 3356 derepta
750 3284 817 3339 leoni
867 3285 870 3292 ’
