2334 4150
180 473 605 545 Muranotrnosnou
623 469 661 544 t,
680 471 783 544 VHI.
805 475 842 540 18
849 497 869 560 9

156 594 278 644 stramina
287 590 417 647 flavescunt
428 608 436 649 ς
448 590 607 658 adopertaque
616 607 737 645 marmore
748 589 835 653 tellus,

159 671 306 736 caelataeque
324 670 387 724 mres
398 704 407 728 ‚
418 684 546 740 aurataque
559 671 619 720 tedia
634 665 764 724 videntum

159 747 231 797 Talia
246 747 303 799 crim
311 744 409 817 placido
423 748 543 801 Saturnius
551 744 627 796 edidit
637 763 687 800 ore.

160 823 262 878 Dicite,
280 824 339 890 juste
354 825 482 884 sene1„&
501 822 591 872 femina
602 827 703 890 conjuge
717 823 779 890 Jullo

150 894 243 966 ¹Digna
251 936 261 956 ,
276 899 335 966 quid
348 903 444 965 optetis.
453 899 517 949 Cum
529 897 631 949 Baucide
640 917 714 966 pauca
725 900 828 960 locutus,
877 917 924 962 7²5

164 977 304 1028 connitum
319 980 412 1042 Superis
433 975 509 1042 aperit
519 993 646 1029 commune
658 976 793 1028 Philemon.

164 1051 219 1104 Eue
239 1052 387 1113 sacerdotes,
405 1051 549 1119 delubraque
564 1054 639 1110 vestra
657 1057 717 1103 tueri

166 1132 290 1185 Poscituur
301 1150 308 1179 e
320 1134 345 1187 ot
356 1135 470 1204 quoniam
480 1129 610 1189 concordes
622 1135 712 1197 egimus
722 1148 815 1196 annos,

167 1207 268 1256 Auferat
286 1210 346 1257 hora
364 1207 426 1264 duos
436 1206 519 1262 eadem
530 1227 537 1257 e
549 1226 593 1266 pec
606 1213 712 1282 conjugis
724 1227 839 1276 umquam

169 1285 239 1340 Busta
254 1301 314 1334 rue:
324 1284 419 1341 uideam
430 1304 437 1334 e
447 1303 494 1334 neu
503 1290 547 1344 eim
560 1286 713 1344 tumulandus
723 1287 812 1344 abillo
884 1297 932 1344 710

170 1364 236 1414 Vota
255 1362 314 1413 fides
327 1366 440 1438 sequitur.
452 1364 549 1428 Templi
559 1364 634 1414 tutela
645 1365 729 1426 fuere,

170 1439 257 1498 Donec
275 1443 325 1499 vita
341 1439 397 1490 data
414 1440 455 1498 est.
472 1443 546 1491 Annis
558 1458 657 1506 avoque
669 1442 740 1491 soluti

172 1519 234 1567 Ante
251 1516 338 1584 gradus
353 1521 430 1572 sacros
445 1516 500 1567 calm
519 1519 606 1567 starent
621 1517 698 1578 forti,
714 1519 809 1588 locique

172 1595 303 1646 Narrarent
313 1596 394 1655 casus,
405 1593 517 1652 frondere
526 1595 667 1644 Philemona
678 1595 775 1656 Baucis,

172 1671 279 1727 Baucida
285 1675 410 1741 conspexit
419 1673 497 1729 senior
508 1669 619 1729 frondere
630 1672 764 1730 Philemon,
889 1691 933 1743 7¹5

174 1749 276 1816 Jamque
286 1752 353 1814 super
363 1747 455 1817 gelidos
465 1751 583 1806 crescente
595 1754 716 1805 cacumine
724 1749 821 1810 vultus,

175 1826 284 1886 Mutua,
304 1825 363 1875 dum
381 1827 470 1886 licuit,
488 1824 619 1876 reddebant
627 1825 702 1885 diliat
714 1827 838 1893 Valeque,

175 1904 201 1953 0
214 1904 222 1953 l
243 1908 332 1970 eonjux
342 1939 351 1965 ,
363 1903 441 1973 dixere
452 1905 540 1964 timul,
552 1904 623 1953 simul
634 1903 714 1953 abdita
726 1907 784 1953 texit

178 1982 231 2030 Ora
244 1981 331 2032 frutex.
342 1980 451 2032 Ostendit
464 1979 541 2036 adhuc
552 1983 672 2044 Tyane'ius
688 1981 739 2030 illic
820 1995 823 2006 ¹

179 2060 265 2113 Incola
280 2058 310 2122 de
326 2063 423 2125 gemino
434 2062 525 2110 vicinos
541 2076 641 2123 corpote
656 2074 761 2108 truncos.
893 2078 941 2121 7²0

180 2138 240 2202 Haec
250 2140 310 2187 mihi
320 2155 370 2201 non
379 2142 456 2198 rani,
469 2154 546 2203 neque
557 2152 606 2193 erat
617 2154 658 2185 cur
669 2134 864 2197 fallerevellent,

182 2213 315 2266 Narravere
328 2217 394 2265 senes
404 2234 411 2263 ι
423 2217 535 2281 equidem
548 2214 677 2281 pendentia
686 2212 735 2271 vidi

184 2292 253 2343 Serta
268 2293 335 2356 super
345 2308 425 2346 ramos
435 2310 443 2350 3
455 2308 593 2357 portentque
607 2295 727 2353 recentia,
743 2288 807 2353 dixi,

184 2365 253 2430 Cura
269 2372 304 2435 pii
314 2368 360 2419 Dis
370 2371 424 2419 sunt
432 2404 441 2430 ,
450 2375 491 2430 oc,
501 2373 543 2437 qui
553 2369 647 2429 coluere
658 2403 667 2433 ,
683 2368 804 2429 ¹coluntur.

220 2528 348 2589 Desierate
359 2531 503 2594 annosque
512 2531 537 2577 8(
548 2545 584 2582 rer
596 2532 620 2581 δι
629 2542 736 2577 moverat
746 2528 839 2588 annor,
899 2544 946 2593 7²5·

187 2604 282 2655 Thesea
292 2605 422 2672 precipui:
436 2622 508 2676 quern
519 2605 579 2662 falia
590 2604 670 2665 audire
681 2605 804 2660 volentem

190 2684 257 2733 Mira
274 2682 354 2733 Detlrn
360 2716 372 2743 ,
389 2686 457 2740 nixus
468 2683 550 2740 cubito
561 2680 710 2745 Calydonius
721 2684 796 2739 amnis

192 2760 292 2809 Talibus
305 2760 445 2827 alloquitur.
456 2762 533 2818 Sunt,
544 2758 576 2809 d!
588 2759 732 2817 fortissime,
743 2754 846 2831 quorum
949 2794 950 2799 ,

192 2837 281 2887 Forma
291 2839 364 2887 semel
374 2851 442 2889 mota
452 2838 501 2897 est,
513 2842 537 2886 δι
548 2840 574 2885 in
584 2840 630 2887 hoc
642 2842 793 2887 renovamine
801 2840 900 2893 mansit:

194 2917 275 2976 Sunt,
287 2916 372 2983 quibus
380 2919 406 2965 in
418 2915 498 2981 plures
506 2919 543 2981 jus
554 2916 587 2963 est
599 2918 694 2963 transire
706 2914 805 2979 figuras:
906 2948 953 2993 73⁰

195 2994 232 3044 Ut
242 2996 301 3054 tibi,
312 2994 432 3059 complexi
442 3007 528 3042 terram
539 2997 609 3043 maris
620 2992 717 3052 incola,
734 2993 828 3047 Proteu.

196 3070 263 3133 Naue
277 3070 355 3121 modo
366 3087 389 3121 te
398 3075 526 3137 juvenem,
543 3068 618 3119 modo
631 3086 653 3121 te
663 3067 742 3139 videre
752 3067 846 3117 leonem
859 3086 865 3115 ε

197 3148 269 3204 niune
288 3148 408 3207 riolentns
419 3163 578 3218 aper,nunc,
593 3136 774 3221 quemtetigiil'e
785 3148 906 3207 timerent,
992 3164 995 3184 1
