2334 4150
258 502 305 566 74
407 476 450 545 P.
482 476 637 543 Ovrnrr
671 473 865 542 Nasonrs

257 601 385 665 Corporat
403 601 426 648 bt
443 612 567 662 acceptum
584 596 671 661 patulis
689 613 755 645 tuate
777 596 873 653 naribus
893 594 977 646 efflant

256 677 295 727 De
312 674 389 726 niodb
404 678 510 741 viginti,
528 689 565 724 ror
579 676 645 723 enim
661 676 717 724 ratis
731 672 775 723 illa
790 673 899 731 ferebat,

256 756 381 807 Restabant
396 755 459 804 solus
475 773 481 803 ι
498 750 631 819 pavidum,
648 750 805 817 gelidumque
820 754 933 801 trementi

257 834 384 898 Corpore,
394 835 481 897 vixque
490 848 571 881 meum
580 830 661 880 firma
667 830 750 890 Deus,
763 830 867 891 Excute,
877 828 975 887 dicens,

207 910 339 972 690Corde
355 900 464 965 mctu'm,
480 910 601 977 Diamque
617 924 680 959 tene.
696 908 796 959 Delatus
812 909 942 971 inillam,

255 993 364 1041 Accensis
383 992 445 1048 aris,
463 988 580 1037 Baccheia
598 988 662 1037 sacra
679 986 816 1053 frequento.

255 1069 400 1117 Praebuimus
417 1066 495 1133 longis
513 1068 632 1116 Pentheus
649 1067 789 1131 ambagibus
806 1082 891 1126 autes,

254 1146 355 1213 lnquit;
371 1160 399 1194 ur
412 1148 449 1195 ira
465 1144 533 1193 mord
547 1147 610 1194 vires
625 1141 741 1193 ass'urnert
755 1142 842 1209 pollet.

254 1223 402 1289 Praecipitem
419 1223 505 1273 famuli
522 1226 598 1287 rapite
614 1226 679 1271 hune
696 1242 702 1272 ε
718 1225 869 1288 cruciataque
883 1220 940 1272 diris

205 1304 248 1355 695
253 1299 363 1365 Corpora
380 1304 506 1351 tormentis
524 1302 612 1365 Stygia
631 1299 752 1350 demittite
767 1303 841 1350 nolli.

175 1390 177 1395 ’
252 1379 363 1428 Protinus
378 1380 503 1429 abstractus
519 1377 601 1428 solidis
617 1379 754 1441 Tyrrhenus
771 1379 865 1429 Acoetes

252 1454 380 1506 Clauditur
393 1460 419 1507 in
433 1460 499 1506 tritis
517 1475 523 1505 ι
542 1460 567 1507 bt
585 1454 645 1505 dum
659 1454 766 1507 crudelia
782 1456 848 1523 julie

252 1532 409 1585 Instrumenta
420 1539 484 1585 necis
493 1570 501 1594 ,
514 1536 651 1601 ferrumque
661 1538 786 1601 ignisque,
797 1552 911 1601 petantur
921 1556 932 1597 ὅ

252 1613 342 1679 Sponte
355 1614 396 1665 sua
412 1610 512 1680 patuill'e
529 1614 609 1668 fores,
625 1612 748 1679 lapsasque
764 1614 857 1664 lacertis

203 1693 342 1757 7⁰0Sponte
357 1692 418 1755 sui,
433 1690 499 1743 fama
513 1692 565 1747 est,
580 1690 650 1740 nullo
666 1691 794 1754 lolvente,
812 1709 916 1745 catenas.

283 1846 372 1897 Perstat
385 1845 531 1899 Echionides
546 1865 552 1895 :
568 1863 613 1897 nec
629 1850 679 1914 jam
693 1850 760 1915 jubet
777 1852 830 1909 ire,
848 1849 889 1901 sed
905 1853 954 1916 ipse

251 1924 343 1985 Vadit,
358 1926 418 1985 ubi,
434 1925 520 1975 eleilus
539 1926 648 1977 facienda
663 1925 695 1977 ad
709 1930 792 1987 sacra,
806 1928 934 1981 Citheron
978 1977 982 1982 .

251 2003 369 2055 Cantibus
386 2008 411 2054 bt
431 2004 495 2053 clari
512 2006 671 2055 bacchantum
687 2024 746 2056 voce
765 2009 873 2057 sonabat.

251 2083 285 2134 Ut
297 2085 378 2134 fremit
389 2101 442 2134 acer
456 2101 549 2152 equus,
563 2084 619 2134 crim
631 2086 730 2134 bellicus
743 2102 789 2134 are
800 2101 891 2136 canoto
983 2129 987 2136 .

202 2166 321 2230 popsigna
333 2161 401 2214 dedit
412 2165 525 2221 tubicem
537 2179 669 2229 pugnatque
680 2158 787 2215 affurnsit
798 2179 923 2223 amortuis

250 2243 355 2292 Penthea
363 2245 397 2292 sic
408 2245 466 2291 iiius
478 2242 555 2307 longis
568 2242 697 2290 ululatibus
710 2244 785 2290 aether

251 2322 332 2370 Movit
343 2339 349 2369 a
363 2318 481 2370 &audito
492 2318 603 2384 clangore
615 2317 738 2368 recanduit
748 2321 791 2366 ira.

250 2400 338 2450 Monte
350 2397 398 2449 ferd
412 2397 493 2447 medio
504 2396 552 2454 est,
567 2397 717 2460 tingentibus
730 2396 815 2444 ultima
826 2393 910 2455 silvis,

250 2478 324 2527 Purus
334 2476 364 2527 ab
374 2476 513 2528 arboribus,
525 2474 658 2539 spectabilis
668 2472 774 2540 undique
784 2509 792 2532 ‚
803 2491 912 2540 campus.

202 2555 297 2614 710ch
309 2555 384 2606 oculis
395 2553 466 2602 illurn
477 2566 615 2604 cernentem
624 2553 688 2602 sacta
698 2553 805 2618 profanis

250 2635 329 2682 Prima
337 2630 422 2692 videt,
434 2633 511 2696 prima
521 2631 554 2680 est
563 2632 647 2680 insano
658 2635 754 2682 concita
763 2648 851 2689 motu,

250 2711 329 2762 Prima
340 2712 409 2760 suurn
422 2706 493 2760 miffo
503 2710 605 2759 violavit
615 2711 720 2760 Penthea
729 2714 813 2774 thyrso
871 2758 875 2766 ,

225 2786 235 2796 ”
249 2791 348 2841 Mater:
360 2789 404 2848 lo,
417 2790 517 2854 gemine
528 2823 536 2847 ,
549 2787 682 2847 clamavit,
699 2787 776 2838 adeste
787 2792 889 2845 sorores.
968 2836 971 2841 .

250 2869 295 2918 Ille
306 2886 361 2934 aper
372 2903 380 2928 ,
391 2870 417 2916 in
432 2867 516 2915 nostris
529 2881 592 2916 errat
603 2869 646 2931 qui
659 2870 779 2925 maximus
790 2871 869 2932 agris,
904 2876 906 2880 “

203 2947 293 3007 715llle
307 2948 367 2995 mihi
379 2941 498 2994 feriendus
508 2960 572 3008 aper.
587 2945 644 2993 Ruit
655 2949 734 2994 omnis
745 2948 770 2995 in
784 2960 859 2995 unum

251 3025 333 3074 Turba
343 3022 423 3076 furens
437 3039 443 3070 ι
454 3024 541 3072 cunila
553 3027 658 3077 co'e‘unt,
671 3024 806 3089 cundiaeque
817 3026 949 3088 sequuntur
959 3060 969 3086 ,

251 3101 304 3150 lam
315 3099 450 3168 trepidum,
462 3104 512 3166 jam
522 3101 595 3152 verba
606 3100 684 3151 minus
693 3101 798 3152 violenta
807 3101 968 3167 loquentem,

250 3180 263 3227 l
265 3195 304 3229 am
315 3182 338 3228 se
348 3177 520 3246 damnantem,
531 3181 581 3246 jam
593 3180 616 3230 se
626 3177 731 3246 peccalle
742 3179 867 3230 fatentem.
