2334 4150
236 513 787 594 Meranorrrrorsoum.
816 543 877 588 ιιι

167 643 245 697 Pallas
257 658 330 697 anum
342 643 456 692 simulat:
468 641 587 708 falsosque
600 644 625 690 in
638 655 748 705 tempora
758 656 829 688 canos

169 722 265 782 Addit,
281 727 312 773 δι’
320 720 429 770 infirmos
440 720 525 769 baculo
540 735 636 785 quoque
648 719 745 768 sustinet
759 733 831 768 artus.

169 801 233 851 Tum
244 804 279 850 sic
289 802 343 850 orsa
355 799 423 866 ioqui
434 817 441 846 s
452 798 511 847 Non
519 801 603 848 omnia
614 795 727 862 grandior
737 813 811 853 etas,

170 880 230 940 Que
242 878 363 943 fugiamus
375 911 383 936 ‚
399 878 489 928 habet:
504 878 559 924 seris
567 879 633 926 veuit
644 878 696 924 usus
706 875 736 927 ab
747 877 823 923 annis.

172 954 313 1009 Consilium
323 970 353 1003 ne
363 956 445 1019 sperne
456 968 538 1000 meum
548 972 555 1000 ε
567 955 611 1002 tibi
623 953 687 1003 fama
697 966 791 1018 petatur
909 953 937 998 3⁰

170 1032 235 1082 Inter
247 1032 361 1092 mortales
373 1029 487 1080 sitienda
498 1033 602 1078 maxima
616 1029 683 1078 lana.

170 1107 238 1160 Cede
251 1109 310 1158 Dcae
321 1127 328 1158 s
339 1099 481 1172 veniamque
491 1111 537 1156 tuis
548 1111 672 1156 temeraria
682 1107 749 1158 dislls

170 1186 282 1252 supplice
292 1203 352 1236 voce
361 1198 420 1250 roga
431 1203 438 1232 a
448 1187 542 1233 veniam
552 1183 620 1234 dabit
631 1184 674 1235 illa
686 1189 789 1251 roganti.

171 1265 262 1329 Aspicit
271 1268 332 1312 banc
343 1265 416 1312 torvis
428 1297 436 1322 ‚
454 1265 596 1328 inceptaque
607 1261 651 1310 fila·
658 1262 788 1328 relinquit3

171 1342 266 1408 Vixque
276 1357 374 1412 ananum
382 1343 499 1397 retinens,
510 1336 860 1405 confessaquevultibusiram,
906 1353 931 1396 35

173 1419 272 1469 Talibus
282 1420 407 1467 obscuram
418 1419 521 1465 resecuta
531 1417 564 1465 est
573 1415 671 1466 Pallada
682 1415 764 1467 distis:

173 1496 264 1546 Mentis
273 1500 358 1561 inops,
374 1495 493 1561 longique
504 1498 570 1544 renis
581 1495 689 1543 mnfesia
701 1496 804 1556 scnesldg

173 1574 204 1623 Et
215 1575 318 1624 nimidm
330 1570 412 1623 vixisse
424 1571 465 1622 diu
476 1586 565 1621 nocet:
578 1571 660 1621 audiat
670 1573 722 1622 illas
734 1607 743 1633 ,

174 1655 197 1701 Si
209 1669 257 1718 qua
268 1653 312 1702 tibi
322 1667 393 1700 nurus
404 1652 451 1705 est,
466 1653 485 1698 si
498 1667 545 1716 qua
555 1650 588 1698 est
599 1652 642 1698 tibi
654 1648 719 1710 felia,
729 1663 809 1701 voces.

173 1726 279 1778 Consilii
290 1731 343 1778 satis
355 1729 422 1777 estin
434 1746 472 1776 me
483 1731 542 1776 mihi
556 1748 561 1776 :
574 1745 633 1778 neve
648 1729 769 1780 monendo
905 1747 940 1791 40

174 1803 302 1855 Profecisse
311 1820 396 1871 putes,
414 1804 496 1854 eadem
507 1806 622 1855 sententia
634 1809 711 1856 nobis.

174 1881 227 1932 Cur
236 1899 287 1932 non
297 1885 347 1949 ipsa
358 1885 441 1933 venit?
451 1899 492 1934 cur
502 1886 552 1932 baec
563 1889 694 1935 certamina
704 1889 727 1936 vi
731 1899 764 1936 tat
774 1891 783 1937 s

174 1960 240 2011 Tum
251 1961 318 2020 Dea,
328 1960 417 2020 Venit,
430 1963 477 2011 ait:
489 1961 755 2027 formamqueuemovit
767 1966 854 2018 anilem
866 1997 873 2022 ‚

175 2038 320 2106 Palladaque
329 2040 445 2089 exhibuit.
457 2039 606 2090 Venerantur
617 2043 715 2091 numina
726 2041 845 2107 Nympho
856 2074 864 2105 ‚

172 2115 384 2182 Mygdonidesque
394 2132 480 2166 nutus:
491 2116 541 2165 sola
549 2118 583 2166 eil
592 2134 641 2167 non
660 2122 740 2167 territa
750 2122 817 2183 virgo
828 2138 835 2179 3
871 2136 875 2145 ⁴
911 2148 939 2192 45

173 2194 222 2245 Sed
233 2210 314 2243 tamen
327 2195 440 2253 erubunt,
457 2195 594 2260 subitusque
607 2198 681 2244 invita
692 2199 786 2245 notavit

174 2271 225 2321 Ora
235 2273 309 2320 rubor
319 2288 327 2330 3
339 2273 464 2337 rursusque
475 2274 578 2323 evanuit.
591 2272 626 2321 Ut
638 2273 700 2322 solet
712 2278 750 2323 a'e‘r

174 2349 308 2415 Purpureus
320 2348 389 2407 seri,
405 2350 460 2417 tsrrn
475 2348 579 2415 primdrn
592 2353 683 2399 Aurora
693 2366 820 2411 moveturt

174 2425 207 2475 Et
221 2428 293 2477 breve
306 2426 357 2491 post
367 2441 459 2497 tempus
472 2424 611 2477 candescere
623 2428 724 2477 Solisub
738 2432 793 2481 isiu.

174 2503 265 2553 Perstat
275 2508 301 2553 in
310 2508 425 2569 incepto,
442 2504 579 2571 stolidaeque
591 2502 701 2570 cupidine
712 2507 797 2571 palme
911 2525 940 2569 5o

174 2581 204 2629 ln
214 2583 257 2630 sua
267 2580 316 2631 fata
327 2584 383 2630 ruit.
394 2581 479 2648 Neque
491 2586 554 2631 enim
565 2583 624 2632 Jove
635 2598 689 2633 nata
701 2587 791 2635 recusat
802 2604 809 2633 r

174 2657 229 2707 Nec
241 2673 325 2706 monet
335 2657 431 2707 ulterius
442 2676 449 2705 ε
460 2674 504 2708 nec
514 2663 563 2723 jam
574 2663 704 2708 certamina
714 2658 804 2710 differt.

174 2732 250 2783 Haud
261 2751 330 2785 mota
345 2753 351 2783 s
364 2736 495 2787 consistunt
505 2734 603 2785 diversis
613 2738 718 2799 partibus
729 2740 820 2793 ambe,

172 2810 207 2859 Et
219 2811 304 2875 gracili
316 2815 421 2876 geminas
432 2810 561 2862 intendunt
573 2812 672 2861 stamine
688 2812 754 2863 telas.

175 2889 238 2937 Tela
247 2892 306 2953 jugo
315 2891 393 2939 vinsia
403 2890 436 2938 est
448 2908 455 2937 s
466 2884 667 2941 stamen'secernit
676 2890 767 2941 arundo
779 2912 786 2942 r
912 2917 938 2965 li

174 2966 291 3017 Inseritur
301 2964 407 3015 medium
420 2963 490 3015 radiis
504 2968 627 3019 subtemen
637 2971 729 3024 acutis,

174 3041 252 3103 Quod
264 3041 334 3107 digiti
345 3040 488 3109 expediunt,
500 3059 571 3110 atque
581 3048 643 3093 inter
654 3046 752 3097 stamina
763 3045 859 3099 duslum

172 3118 288 3169 Percusso
300 3120 388 3171 feriunt
398 3122 477 3177 insesli
490 3124 580 3185 pesline
592 3120 682 3171 dentes.

174 3198 286 3262 Utraque
297 3198 408 3249 festinant
419 3218 425 3248 s
436 3200 563 3265 cinsiaeque
573 3197 604 3249 ad
615 3202 709 3265 pedora
719 3200 791 3252 restes

216 3278 287 3326 Tom.
306 3276 350 3325 11.
769 3279 788 3327 i
