2334 4150
217 505 642 618 mammosam
658 543 696 612 L.
722 541 806 611 VII.
831 547 891 630 165

183 659 279 709 Scilicet
289 657 354 706 aima
365 656 466 704 Themis
478 671 529 704 non
547 653 604 704 talia
620 652 709 718 linquit
726 650 812 700 inuita.

184 738 294 786 Protinus
308 735 392 783 Aouiit
406 734 544 781 immittitur
561 731 636 780 altera
650 731 739 778 Thebis

185 814 272 872 Pestis3
287 815 313 861 δι
328 814 401 860 exitio
411 809 491 870 ‚muln
503 824 664 874 pecorumque
675 809 765 874 suoque

185 893 309 954 Rurigenae
318 904 401 953 pavere
417 888 501 936 ieram.
517 887 604 936 Vicina
619 889 728 950 juventus
903 882 947 939 765

186 970 315 1022 Venimus,
332 970 357 1015 dc
371 965 432 1014 latos
443 963 554 1029 indagine
570 967 687 1012 cinximus
697 977 779 1029 agroc-

186 1047 232 1106 ilia¹
247 1047 295 1095 leti
304 1045 375 1094 velox
386 1045 511 1108 superabat
522 1038 581 1093 retia¹
594 1043 655 1092 saltu
667 1076 675 1102 ,

187 1125 333 1188 Summaque
345 1123 460 1171 transibat
470 1125 602 1185 positarum
612 1120 660 1170 lina
671 1119 803 1186 plagarum.

187 1200 284 1266 Copula
299 1198 431 1248 detrahitur
441 1200 552 1258 canibus,
564 1215 623 1264 quar
636 1199 679 1250 illa
691 1200 813 1265 sequenter

188 1276 298 1343 Effugit,
317 1281 343 1325 dc
359 1275 453 1332 uolucri
465 1293 515 1326 non
525 1275 618 1341 segnitia
629 1277 686 1328 alite
699 1274 770 1326 ludit.
903 1289 952 1335 770

189 1355 277 1406 Poscor
292 1357 317 1402 dc
330 1355 380 1418 ipse
396 1370 491 1402 mecum
499 1356 613 1405 consensu
624 1353 717 1420 Laelapa
726 1370 829 1421 magno:

190 1432 298 1482 Muneris
312 1433 360 1480 hoc
369 1448 469 1480 nomen.
487 1432 540 1480 Jam
554 1428 646 1480 dudum
657 1431 753 1480 vincula
765 1445 856 1498 pugnat

190 1511 279 1560 Etuere'
297 1511 346 1574 ipse
363 1510 421 1570 sibi,
441 1508 555 1575 colloque
569 1511 688 1559 morantia
701 1507 786 1559 tendit.

191 1589 237 1641 Vix
249 1588 309 1636 bene
325 1582 407 1638 miss'us
419 1602 482 1646 erat,
497 1603 541 1635 nec
550 1589 600 1651 jam
610 1597 745 1652 poteramus
757 1619 765 1644 ‚
778 1587 819 1634 ubi
831 1582 903 1643 effer,

191 1668 255 1716 Scire
267 1663 374 1730 :pedum
388 1662 479 1713 caiidur
490 1665 587 1728 vestigia
600 1664 677 1729 pulvis
693 1665 810 1724 habebat3
907 1679 951 1728 775

191 1743 243 1808 ipse
252 1743 331 1793 oculis
348 1757 440 1808 ereptus
458 1757 516 1794 erat.
528 1743 587 1795 Non
597 1745 665 1792 ocior
680 1742 724 1792 illo

191 1821 280 1881 Hasta,
295 1837 340 1870 nec
356 1817 454 1870 excuffae
471 1836 584 1873 contorto
599 1821 696 1871 verbere
711 1817 826 1885 glandes,

193 1897 245 1949 Nec
262 1899 412 1960 Gortyniaco
427 1899 532 1952 calamus
544 1898 602 1949 leuis
613 1903 661 1952 exit
677 1901 706 1948 ab
718 1916 782 1968 arcu.

191 1974 273 2033 ¹Collis
286 1992 345 2043 apex
363 1975 437 2025 medii
453 1978 560 2041 subjeiiit
574 1981 686 2026 imminet
696 1981 772 2028 arvis:

193 2052 281 2102 Tollor
291 2053 340 2114 eo,
355 2057 471 2121 capioque
483 2059 540 2106 novi
553 2057 682 2121 speiiacula
699 2056 793 2107 currite:
909 2053 957 2115 780
1046 2094 1048 2097 .

194 2131 249 2191 Quo
265 2130 342 2182 modo
352 2131 482 2198 deprendi,
501 2133 577 2183 modo
588 2136 611 2187 se
622 2132 750 2185 subducere
766 2136 856 2199 abipso

194 2209 300 2259 Vulnere
313 2212 364 2262 visa
376 2211 426 2259 fera
441 2211 481 2259 est.
496 2211 548 2260 Nec
563 2212 641 2261 limite
651 2210 739 2263 callida
754 2214 835 2272 resto,

193 2288 222 2337 ln
231 2290 365 2353 spatiumve
382 2288 461 2353 fugit;
479 2288 521 2337 sed
533 2288 622 2354 decipit
631 2306 675 2343 otc
685 2291 803 2356 sequeutia
813 2308 821 2339 t

193 2365 226 2415 Et
237 2364 333 2415 reditin
348 2382 453 2433 gyrum,
470 2383 500 2415 ne
511 2369 541 2416 sit
556 2367 609 2417 inus
620 2372 722 2435 impetus
733 2368 803 2417 hosti.

195 2444 311 2494 imminet
329 2447 368 2495 hic
380 2480 388 2504 ,
403 2447 554 2512 sequiturque
565 2462 646 2511 parem
658 2465 665 2495 r
678 2446 809 2513 similisque
820 2448 955 2515 tenentiyip

195 2521 255 2571 Non
267 2537 351 2583 tenet,
364 2526 390 2573 dt
407 2540 494 2574 vacuos
513 2541 605 2573 exercet
618 2526 643 2573 in
658 2530 711 2575 a'e'ra
724 2526 824 2575 morsus.

195 2598 235 2649 Ad
250 2600 324 2665 jaculi
344 2604 451 2651 vertebat
467 2600 627 2667 opemaquod
638 2601 734 2651 dextera
751 2602 822 2652 librat

195 2677 264 2729 Dum
279 2695 346 2733 mea,
356 2676 415 2727 dum
427 2678 516 2745 digitos
532 2682 633 2729 amentis
643 2676 725 2729 indere
740 2693 826 2739 teuto;
858 2698 861 2704 ·

195 2756 301 2805 Lumina
315 2754 401 2806 deflexi
414 2772 587 2821 :revocataque
601 2758 678 2807 rursus
690 2754 775 2807 codem

197 2835 345 2885 Retuleram.
363 2832 463 2895 Medio,
478 2834 582 2889 mirum!
600 2832 649 2883 duo
660 2848 881 2903 marmoracampo
908 2838 960 2899 ἦρα

197 2914 311 2977 Aspicio:
323 2912 405 2977 fugere
414 2915 477 2971 hoc,
488 2910 552 2964 illud
567 2912 652 2964 latrare
663 2927 765 2977 putatet.

198 2989 297 3039 Scilicet
305 2993 405 3041 invitior
414 2991 488 3042 ambo
499 2994 628 3043 certamine
639 2990 718 3041 curuis

199 3062 254 3115 Effe
270 3066 337 3116 Deua
349 3067 444 3125 voluit3
454 3071 474 3117 ti
484 3072 538 3134 quis
548 3069 613 3118 Deus
624 3068 702 3119 adfuit
715 3068 773 3121 iilia.

233 3170 367 3221 Hastenuae
379 3176 406 3221 dt
421 3176 503 3223 tacuit.
519 3174 602 3224 Jacttlo
613 3175 679 3240 quod
690 3177 781 3224 crimen
792 3176 819 3223 in
828 3176 895 3239 ipio!

199 3248 295 3298 Phocus
312 3252 348 3300 ait
359 3269 366 3299 r
378 3250 451 3316 jaculi
461 3253 494 3301 tic
505 3256 606 3301 crimina
615 3251 719 3303 reddidit
729 3253 791 3305 ille..
848 3320 854 3329 Ι
915 3258 961 3310 795

233 3325 330 3381 Gaudia
342 3331 487 3397 principium
500 3330 573 3382 nostri
585 3334 649 3390 aiut,
668 3332 746 3382 Phoce
753 3366 762 3396 ,
775 3330 866 3384 doloris
877 3352 884 3383 t
