2334 4150
254 581 680 647 MnTAMonnnosnou
699 573 737 641 L.
762 575 806 643 V.
837 593 897 641 trs

181 699 326 770 Abscessiile
336 703 395 749 mihi
404 703 413 749 Ξ
424 697 517 749 Cereris
527 714 623 763 quoque
639 695 688 744 filia
698 699 767 760 virgo
777 730 786 755 ,

182 785 207 829 si
225 783 361 845 patiemur,
375 780 438 826 erit:
450 792 507 825 nam
516 777 566 840 spes
578 772 673 824 affeilar
688 772 793 822 easdem.

183 860 217 907 At
228 873 253 906 tu
265 875 309 922 pro
320 857 404 916 socio,
419 857 438 903 si
454 853 544 920 quaest
556 869 610 902 mea
620 854 709 918 gratia,
722 867 810 916 regno,

183 936 261 999 lunge
277 934 355 983 Deam
367 947 461 998 patruo.
473 931 542 980 Dixit
554 932 635 980 Venus
646 949 652 978 :
665 929 706 981 ille
720 931 856 994 pharetram

184 1014 278 1067 Solvit,
290 1016 315 1061 bc
322 1047 331 1073 ‚
343 1013 442 1060 arbitrio
453 1013 550 1069 marris,
563 1007 593 1058 de
604 1009 671 1057 mille
682 1009 772 1073 sagittis
907 1007 955 1068 380
977 1013 979 1018 '

184 1089 268 1140 Unam
279 1086 443 1155 seposuitzsed
454 1088 501 1155 qui
516 1104 560 1137 nec
570 1090 662 1136 acutior
675 1086 740 1143 ulla,

125 1155 130 1164 ⁴
184 1167 239 1217 Nec
254 1170 332 1216 minus
342 1171 433 1216 incerta
440 1167 486 1226 est,
498 1183 541 1215 nec
552 1182 605 1231 quae
616 1168 693 1231 magis
703 1161 784 1213 audiar
794 1179 884 1214 arcum.

185 1245 353 1311 oppositoque
370 1261 432 1310 genu
443 1247 550 1293 curuavit
563 1243 644 1294 flexile
657 1260 746 1302 cornu3

185 1322 262 1388 lnque
280 1339 322 1372 cor
334 1323 432 1372 hamata
442 1326 555 1389 percussit
565 1321 679 1371 arundine
689 1323 781 1372 Ditem.

187 1398 261 1448 Haud
279 1401 363 1466 procul
375 1400 485 1450 Hennaeis
496 1401 560 1449 lacus
571 1400 604 1449 eil
616 1417 630 1448 a
642 1403 776 1459 manibus,
790 1399 843 1449 alra:
854 1395 877 1461 ‚'
906 1386 949 1448 335

188 1478 295 1528 Nomine
307 1481 411 1545 Pergus,
422 1496 504 1546 aqua:
518 1495 568 1528 non
578 1479 623 1527 illo
636 1479 703 1542 plura
714 1478 825 1540 Caystros

187 1555 305 1607 Carmina
320 1574 453 1623 cygnorum
464 1558 597 1607 labentibus
607 1555 674 1606 audit
685 1559 710 1604 in
723 1554 801 1604 undis.

187 1635 253 1686 Silva
265 1651 366 1686 coronat
376 1653 466 1701 aquas,
477 1639 576 1700 cingens
583 1634 646 1683 larus
656 1650 728 1684 omne
740 1652 748 1692 i
763 1635 855 1700 suisque

187 1712 340 1773 frondibus,
353 1729 379 1764 ut
389 1713 459 1774 velo,
472 1713 589 1762 Phoebios
601 1714 727 1762 submovet
737 1715 812 1777 ignes.

187 1797 287 1864 frigora
297 1792 357 1842 dant
367 1797 445 1852 rami,
457 1793 544 1855 Tyrios
553 1795 640 1840 humus
650 1789 750 1840 humida
760 1789 839 1840 flores.
908 1796 955 1844 390

187 1874 333 1937 Perpetuum
347 1887 389 1921 ver
399 1871 439 1919 est.
451 1871 507 1931 Quo
518 1869 577 1920 dum
589 1872 725 1935 Proserpina
736 1869 792 1918 luco

189 1950 265 2001 Ludit
276 1986 284 2010 ‚
297 1954 322 1998 bc
333 1966 374 1999 aut
385 1949 478 2008 violas,
488 1965 529 1998 aut
539 1947 642 1998 candida
654 1949 704 1997 lilia
716 1950 806 2013 carpir3

188 2030 303 2098 Dumque
320 2027 420 2095 puellari
434 2026 511 2078 studio
522 2028 674 2093 calathosque
687 2030 812 2093 sinumque

184 2109 297 2174 implet,
313 2113 337 2158 bt
348 2107 449 2173 aequales
460 2122 535 2157 certat
548 2108 654 2171 superare
667 2104 768 2171 legendo
783 2121 791 2164 3

189 2188 259 2237 Paene
271 2188 343 2237 simul
353 2189 402 2236 visa
412 2187 445 2234 est
455 2221 464 2246 ‚
476 2184 626 2251 dilectaque,
639 2198 751 2249 raptaque
769 2180 837 2230 Diri:
885 2164 894 2179 ⁸
909 2196 952 2242 595

189 2266 273 2332 Usque
290 2265 351 2315 adeo
365 2280 504 2331 properatur
514 2279 582 2312 amor
592 2263 599 2311 l
613 2262 664 2311 Dea
675 2264 755 2311 territa
766 2258 847 2308 masto
949 2268 953 2277 ·

189 2345 221 2393 Ec
231 2360 350 2403 matrem,
370 2360 394 2392 et
405 2345 505 2392 comites
512 2378 521 2401 ,
534 2340 573 2390 sed
584 2356 686 2389 matrem
698 2341 797 2403 saepius,
811 2354 853 2386 ore

189 2422 338 2472 Clamatz&
349 2457 358 2477 ,
369 2438 397 2471 ut
410 2420 502 2470 summi
511 2421 602 2469 vellem
617 2416 718 2468 lauiirat
733 2418 761 2467 ab
776 2431 833 2476 ora,
871 2416 873 2421 ’

189 2498 296 2551 Colleur
307 2500 376 2549 floret
393 2502 478 2549 runicis
489 2496 595 2548 cecidere
606 2498 707 2546 remissis
718 2515 725 2545 s

190 2581 315 2647 Tantaque
331 2578 469 2643 simplicitas
480 2577 608 2642 puerilibus
619 2573 698 2625 adfuit
711 2577 794 2633 annis,
907 2585 955 2629 400

190 2658 249 2708 Haec
267 2674 363 2724 quoque
375 2659 509 2722 virgineum
522 2658 602 2703 movit
612 2656 698 2719 jailura
709 2650 828 2701 dolorem.

190 2738 283 2801 Raptor
298 2740 348 2801 agit
359 2752 439 2785 currus
449 2752 457 2793 ς
473 2739 497 2784 bc
508 2738 607 2783 nomine
621 2747 739 2798 quemque
750 2744 847 2779 vocatos

191 2814 337 2864 Exhortatur
349 2830 421 2880 equos
433 2828 551 2879 :quorum
562 2828 603 2876 per
615 2810 678 2859 colla
689 2810 802 2874 jubasque

84 2930 89 2938 .
191 2891 289 2943 Excutit
303 2892 404 2942 obscuri
413 2894 496 2941 nullas
507 2891 626 2956 ferrugine
636 2889 749 2938 habenas.

190 2971 283 3037 Perque
301 2970 364 3020 lacus
381 2971 442 3019 altos
452 3005 462 3029 2
473 2972 498 3021 δι
511 2968 601 3018 olentia
615 2966 703 3016 sulfure
713 2966 786 3015 fertur
907 2984 952 3031 405

191 3049 279 3113 Stagna
296 3048 450 3108 Palicorum,
459 3048 530 3113 rupti
539 3048 655 3097 ferventia
668 3046 746 3106 τηθὶς

189 3124 224 3174 Et
241 3126 290 3192 quai
301 3126 456 3188 Bacchiadae,
472 3130 557 3176 bimari
567 3143 623 3192 gens
632 3140 684 3175 orta
694 3124 830 3187 Corintho,

189 3202 256 3251 lnter
266 3205 393 3270 inaequales
405 3208 533 3270 posueruut
543 3208 633 3255 muenia
644 3220 735 3270 portus.

189 3280 232 3332 Est
247 3281 355 3333 medium
370 3283 465 3347 Cymes
478 3288 502 3333 bc
514 3286 592 3333 Pisaea
607 3284 743 3344 Arethusa,
