2334 4150
235 531 662 598 Mnrruorruosnou
673 516 712 586 L
736 517 819 586 VII.
842 471 908 598 163¹

192 650 308 712 Orithyia
326 662 394 701 tuas,
413 657 484 708 rapte
499 642 566 692 soror
581 637 710 700 orithyrae.
911 644 955 693 695

191 730 217 776 Si
236 727 324 776 faciem
334 737 467 788 moresque
479 718 539 769 velis
551 717 660 767 conferre
673 713 789 772 duarum,

191 805 298 869 Dignior
308 803 358 867 ipsa
368 801 428 864 rapi.
439 798 508 851 Pater
519 798 580 846 hanc
591 796 651 844 mihi
662 795 740 858 junxit
751 790 909 842 Erechtheus:

192 881 261 930 Hanc
271 882 334 930 mihi
344 879 422 944 junxit
432 875 519 925 Amor.
532 873 599 922 felix
610 871 705 922 dicebar
716 904 725 929 ,
736 884 848 934 eramque
859 886 867 916 s

192 957 293 1008 Nonita
305 955 351 1006 Dis
359 956 438 1006 visum
449 953 482 1004 est
493 971 500 1001 s
511 967 607 1002 atnunc
616 965 711 1016 quoque
723 941 909 998 forsitaneliem.

191 1035 260 1084 Alter
270 1035 385 1100 agebatur
392 1031 446 1098 poli
455 1028 719 1094 saoajugaliamenrm
911 1028 961 1076 70⁰

192 1112 260 1163 Cim
271 1127 330 1170 me,
343 1111 473 1174 cornigeris
484 1104 622 1158 tendentem
631 1107 689 1156 retia
699 1105 791 1165 cervis,

192 1190 289 1240 Vertite
300 1187 330 1240 de
347 1190 443 1239 summo
453 1187 544 1251 semper
554 1182 660 1234 florentis
671 1183 781 1246 Hymetti

192 1267 269 1317 Lutea
284 1281 355 1317 mane
364 1264 432 1316 videt
441 1261 513 1328 pulsis
521 1263 613 1311 Aurora
624 1261 725 1310 tenebris
735 1277 744 1310 a

193 1343 347 1409 invitumque
359 1345 430 1407 rapit.
445 1341 527 1390 Liceat
538 1341 599 1388 mibi
608 1355 662 1390 ueta
670 1338 757 1390 referre

193 1421 253 1470 Pace
264 1420 331 1470 Deae.
343 1417 418 1481 Quod
426 1421 457 1470 sit
466 1419 535 1468 roseo
547 1416 678 1482 spectabilis
687 1433 745 1472 ore,
906 1409 955 1478 7'05

193 1496 268 1560 Quod
282 1513 362 1549 tentat
372 1498 432 1546 lutis
442 1532 451 1556 ,
469 1509 548 1546 teneat
556 1492 662 1543 confinia
672 1495 766 1555 nollit,

193 1577 314 1626 Nestareis
323 1573 391 1641 quod
398 1573 476 1626 alatur
486 1575 554 1640 aquis
564 1587 627 1636 tego
638 1571 737 1621 Procrin
748 1573 866 1624 anrabam.

193 1654 291 1703 Peilore
307 1655 401 1704 Procris
417 1666 488 1712 erat,
503 1651 595 1700 Procris
607 1651 667 1700 mihi
686 1652 777 1716 semper
791 1654 816 1700 in
826 1670 875 1702 ore.

193 1733 341 1790 sectatori,
358 1735 484 1795 coitusque
500 1743 594 1789 novos,
609 1727 774 1794 thalamosque
786 1741 907 1788 recentes,

193 1810 320 1875 Primaque
333 1807 419 1858 deserti
429 1805 559 1857 referebam
570 1804 661 1856 foedera
672 1805 726 1858 letti
738 1824 745 1855 t
909 1815 959 1860 7to

192 1887 265 1936 Mota
273 1886 327 1936 Dea
337 1885 371 1936 eli
381 1903 388 1935 t
400 1889 442 1943 bt,
458 1884 514 1934 Siste
525 1899 576 1933 tuas
589 1919 597 1943 ,
615 1887 720 1950 ingrate,
732 1885 839 1951 querelas
850 1904 859 1946 3

192 1964 293 2015 Procrin
301 1964 382 2025 habe,
400 1961 470 2014 dixit
482 1960 556 2024 Quod
565 1965 585 2011 si
595 1979 648 2013 mea
657 1960 757 2028 provida
768 1980 835 2014 mens
845 1964 892 2025 est,

191 2041 251 2093 Non
265 2039 371 2092 habuill'e
382 2040 449 2093 voles
459 2056 561 2107 zmeque
568 2040 608 2089 illi
616 2042 676 2091 irata
687 2041 786 2093 remisit.

190 2120 259 2171 Dum
269 2120 358 2181 redeo,
369 2136 511 2187 mecumque
520 2118 579 2168 Deae
587 2134 720 2171 memorata
726 2123 826 2173 retrailo
835 2139 844 2182 ς

191 2196 245 2247 lille
263 2214 340 2247 metus
350 2200 441 2263 cepit,
453 2214 485 2247 ne
494 2198 547 2263 jura
553 2197 643 2263 jugalia
653 2201 741 2262 conjux
908 2210 954 2258 7¹5

192 2276 251 2328 Non
261 2278 322 2325 bene
330 2272 449 2327 sensifer.
467 2277 596 2343 Faciesque
606 2291 709 2343 arasque
719 2278 834 2342 jubebant

191 2354 299 2406 Credere
308 2352 454 2407 adulterium
465 2373 472 2405 a
482 2355 641 2419 prohibebant
652 2353 746 2407 credere
757 2372 845 2407 mores.

192 2431 239 2483 Sed
250 2449 331 2484 tamen
340 2432 462 2486 abfuerant
473 2430 531 2482 ried
540 2436 566 2483 it
577 2436 628 2483 haec
636 2448 700 2489 erat,
712 2432 775 2483 unde
785 2432 909 2493 redibam,

191 2510 310 2562 Criminis
326 2510 461 2575 exemplum
471 2528 479 2559 t
491 2509 532 2559 sed
542 2514 625 2561 euntia
637 2515 748 2562 timemus
760 2528 875 2561 amantes.

193 2588 318 2650 Quaerere,
338 2605 388 2654 quo
398 2587 512 2647 doleam,
522 2587 605 2640 studeo
615 2607 622 2647 ¹,
634 2588 750 2656 donisque
760 2588 873 2654 pudicam
907 2609 956 2651 για

192 2668 317 2718 Solicitare
330 2664 413 2716 fidem.
428 2667 501 2717 Favet
515 2668 570 2715 huic
590 2670 680 2715 Aurora
698 2670 795 2718 timorit

119 2750 122 2753 ’
192 2745 358 2811 lmmutatque
368 2761 465 2815 meam,
482 2742 566 2794 videor
576 2740 688 2804 senriffe,
707 2745 816 2809 figuram.

192 2822 311 2872 Palladias
321 2827 396 2882 ineo,
414 2838 465 2873 non
480 2821 659 2887 cognoscendus
672 2857 680 2883 ‚
697 2824 817 2882 Athenas3

192 2899 365 2967 ingrediorque
385 2898 496 2950 domum.
512 2900 593 2966 culpa
604 2899 691 2951 domus
702 2903 751 2966 ipsa
763 2901 874 2963 carebat,

192 2976 311 3043 Castaque
329 2981 396 3043 sigua
411 2977 495 3036 dabats
507 2977 655 3047 dominoque
666 2995 716 3031 erat
726 2983 795 3030 anxia
805 2996 882 3046 rapto.
909 3004 954 3052 7²5

191 3055 241 3105 vix
259 3053 327 3105 aditu
345 3073 386 3120 per
404 3056 472 3106 mille
486 3055 557 3107 dolos
566 3056 598 3108 ad
608 3058 751 3110 Erechthida
763 3059 844 3119 fabiot

191 3132 228 3182 Ut
241 3132 306 3189 vidi,
319 3124 429 3199 obliupui
441 3151 449 3194 3
461 3133 623 3201 meditataque
634 3154 699 3200 paene
709 3136 795 3202 reliqui

192 3210 355 3271 Testamenta
372 3210 422 3267 fide
435 3230 442 3268 t
453 3211 517 3266 nale
531 3230 589 3272 me,
602 3218 661 3285 quin
671 3230 727 3269 aera
742 3214 847 3279 faterer,
