2334 4150
183 615 184 619 Ἴ
223 551 640 609 unrAuronrrrotnou
655 536 693 609 t.
713 538 795 609 XII,
823 549 893 633 265

176 657 286 726 Bellaque
297 677 347 710 non
362 660 472 711 transfert
483 679 490 710 ε
500 665 525 712 bt
536 663 607 718 sunt,
617 663 660 728 qui
670 677 765 726 parcere
776 661 856 725 Trojae
908 676 934 728 ις

178 737 315 804 Neptunum
326 738 440 800 credant,
458 742 514 805 quia
523 742 615 790 moenia
625 739 710 790 fectrit
720 740 782 788 urbi.

178 817 208 867 tlt
225 833 275 868 non
287 815 438 866 Thestorides
450 835 457 866 a
469 833 513 866 nec
530 819 594 866 euim
605 819 727 876 nescitve,
743 830 837 867 tacetve

177 895 292 960 Sanguine
302 897 410 960 virgineo
422 892 565 959 placandam
574 895 673 958 virginit
683 897 744 944 iram

176 969 228 1020 Elle
245 971 312 1022 Deae.
329 971 384 1022 Post
394 971 469 1036 quim
483 974 598 1038 pietatem
614 972 709 1037 publica
724 973 811 1031 causa,

178 1049 272 1114 litaque
283 1065 375 1114 patrem
388 1052 464 1107 vicit3
479 1049 619 1116 callumque.
627 1047 711 1105 datura
720 1062 848 1109 cruorem,
913 1055 943 1101 3⁰

176 1125 310 1186 Flentibus,
322 1143 376 1176 aute
388 1144 451 1175 aram
464 1127 527 1176 stetit
538 1126 675 1192 iphigenia,
687 1127 815 1186 ministris,

176 1204 244 1254 vina
264 1205 314 1254 Dea
328 1205 376 1254 est:
386 1207 520 1270 nubemque
531 1203 608 1254 oeulis
618 1205 726 1270 objecit,
739 1207 835 1254 &inter

171 1281 289 1332 ,Officium
302 1285 442 1347 turbamque
451 1285 526 1340 sacri,
542 1299 659 1348 vocesque
666 1281 825 1348 precamini,

175 1360 302 1424 Suppositd
313 1360 386 1410 fertur
396 1357 495 1408 mirtaile
507 1359 637 1422 Mycenida
649 1359 728 1410 cervi.

176 1437 239 1502 Ergo
252 1439 292 1485 ubi
303 1471 311 1496 ,
323 1435 372 1500 qui
382 1434 481 1495 decuit,
492 1435 565 1484 lenita
575 1435 609 1484 est
619 1434 684 1486 caede
692 1432 771 1484 Diana
782 1463 792 1495 ,
910 1443 938 1490 ⁵5

175 1513 207 1564 Et
220 1515 310 1578 pariter
321 1511 437 1572 Phoebet,
451 1514 538 1576 pariter
549 1514 621 1560 maris
630 1514 666 1560 ira
675 1515 787 1571 recessit,

172 1575 305 1655 'Accipiunt
316 1603 399 1638 ventos
414 1606 428 1638 a
439 1603 506 1654 tergo
517 1587 584 1636 mille
596 1590 697 1649 carina,

176 1668 306 1734 Multaque
315 1663 427 1732 perpellae
436 1665 539 1732 Phrygii
549 1668 674 1732 potiuntur
683 1666 764 1718 areni·

211 1813 275 1861 Orba
286 1813 353 1864 tecue
362 1811 445 1864 medio
457 1809 503 1874 est,
514 1815 575 1865 inter
587 1827 706 1880 terrasque
718 1845 726 1875 ,
739 1810 891 1882 fretumque,

178 1887 339 1956 caelestesque
349 1891 442 1956 plagae,
456 1893 554 1956 triplicis
569 1891 674 1960 confinia
685 1891 786 1952 mundi,
910 1917 943 1962 40

177 1965 269 2028 Unde,
287 1968 353 2034 quod
370 1971 402 2018 est
412 1987 511 2036 usquam
522 2005 530 2030 ,
548 1973 656 2036 quamtis
667 1973 803 2034 regionibus
814 1973 893 2032 absit,
923 2015 934 2036 ,

177 2045 303 2111 inspicitur
313 2064 321 2107 5
335 2063 488 2115 penetratque
499 2063 567 2097 cavas
574 2063 622 2097 voa
632 2051 712 2096 omnis
719 2046 750 2098 a'd
761 2064 837 2098 aures.

177 2122 251 2175 Fama
263 2140 327 2175 tenet
336 2160 345 2180 .
355 2127 368 2173 s
367 2125 495 2191 uniruique
505 2123 607 2175 domum
617 2125 662 2173 sibi
673 2124 732 2189 legit
741 2128 767 2174 in
774 2142 844 2175 arcer

177 2202 365 2267 innumerosque
381 2201 474 2263 aditus,
493 2218 520 2253 ac
534 2202 602 2252 mille
618 2202 737 2252 foramina
748 2206 813 2253 tenu

177 2278 298 2341 Addidit,
313 2280 421 2330 &nullis
432 2280 528 2329 inclusit
537 2270 621 2329 limina
630 2284 721 2346 portia:
908 2301 940 2351 45·
993 2341 995 2344 Ι

177 2356 255 2407 Nodbe
267 2357 352 2425 dieque
363 2372 454 2425 parent.
468 2358 531 2409 Tota
541 2358 608 2407 estex
619 2374 663 2407 aere
674 2361 767 2409 sonanti
774 2377 783 2419 3

177 2434 243 2484 Tota
254 2435 335 2485 fremit
346 2453 478 2503 :vocesque
492 2435 563 2486 refert
575 2472 583 2497 ,
595 2440 713 2503 iteratque
724 2437 791 2503 quod
798 2433 874 2489 audit.

176 2511 253 2563 Nulla
262 2517 327 2578 quies
340 2517 402 2564 intus
412 2513 542 2581 ,nullique
553 2514 645 2564 silentia
653 2529 728 2580 parte.

177 2590 231 2641 Nec
242 2607 321 2641 tamen
332 2595 364 2641 est
375 2592 466 2641 clamor
476 2628 485 2651 ,
496 2591 536 2641 sed
547 2609 625 2657 parv:
637 2610 758 2643 murmura
767 2598 832 2644 vocis
842 2609 850 2653 5

177 2668 266 2729 Qualia
280 2670 310 2719 de
321 2671 412 2735 pelagi,
425 2673 506 2734 siquis
517 2670 600 2733 procul
611 2669 708 2731 audiat,
719 2670 789 2721 undic

174 2745 230 2796 Effe
249 2748 328 2795 solent
338 2764 344 2795 e
356 2746 480 2812 qualemve
496 2749 597 2803 sonum,
614 2747 669 2797 crim
679 2750 786 2813 luppiter
797 2764 858 2798 attat

175 2826 299 2891 increpuit
309 2825 382 2872 nubes
394 2858 402 2884 ,
414 2840 518 2873 extrema
529 2828 632 2874 tonitrua
642 2826 752 2876 reddunt.

175 2904 244 2953 Atria
256 2903 325 2952 turba
336 2916 416 2951 tenent
428 2921 434 2950 a
444 2905 542 2951 veniunt
553 2902 604 2951 leve
614 2905 716 2969 vulgus,
728 2920 840 2971 euntque.
908 2932 914 2938 ·

175 2982 304 3047 Mixtaque
316 2998 371 3029 cum
379 2984 439 3030 vetis
449 2983 534 3046 passim
546 2998 683 3031 commenta
692 2998 809 3047 vagantur

173 3058 258 3109 Millia
274 3060 406 3107 Runrorum
416 3058 576 3127 ,confusaque
585 3062 658 3112 verba
667 3061 787 3110 volutant.
891 3074 894 3079 ·
909 3088 937 3138 55

174 3138 196 3187 E
208 3138 295 3203 quibus
306 3140 331 3186 hi
341 3154 424 3187 vacuas
434 3138 536 3203 implent
549 3138 695 3187 sermonibus
705 3155 770 3188 auree
779 3155 788 3196 3

175 3212 210 3264 Hi
220 3232 314 3265 narrata
325 3216 403 3265 ferunt
413 3214 461 3267 alib
470 3234 476 3265 a
484 3218 639 3283 mensuraque
647 3216 695 3265 fiui

214 3294 285 3343 Toni.
305 3294 322 3341 1
330 3296 353 3343 I.
754 3295 784 3345 M
