2334 4150
268 529 312 593 92
424 507 469 578 P.
492 505 649 576 Orrnrr
671 481 865 580 NAsortrs

220 625 417 692 545Deplanxere
431 627 550 684 domum,
564 628 638 680 scisse
650 648 706 681 eum
718 632 780 683 veste
791 633 900 698 capillos.

267 705 349 772 thue
358 723 443 772 parum
453 709 535 772 juste,
547 712 698 776 nimiumque
708 714 733 760 in
746 711 832 776 pellice
845 713 910 762 sava

266 781 387 834 Invidiam
399 784 475 834 fetere
490 785 556 835 Deae.
570 786 691 837 Convicia
702 789 765 838 Juno

266 860 325 910 Non
336 862 392 912 tulit
402 882 409 912 e
421 867 446 912 &
456 897 464 923 ,
476 865 493 912 f
495 866 571 914 aciem
581 882 625 915 vos
633 868 694 930 ipsas
704 869 826 927 maxima,
843 863 923 928 daie,

266 940 365 988 Saevitiae
375 955 532 991 monumenta
543 959 611 992 meae.
624 945 669 992 Res
681 943 743 994 disin
753 947 832 995 secuta
842 947 883 994 esi.

219 1023 229 1069 5
234 1018 265 1068 5⁰
279 1035 327 1066 ·am
337 1035 389 1083 quae
399 1018 516 1084 praecipui
526 1020 602 1070 fuerat
613 1025 669 1086 pia,
682 1024 824 1089 Persequar,
837 1023 933 1088 inquit,

262 1094 290 1143 Io
300 1095 361 1144 freta
371 1100 478 1161 reginam
489 1116 496 1146 t
508 1098 643 1164 saltumque
655 1099 756 1160 datura,
771 1103 863 1150 moveri

262 1170 335 1222 Haud
346 1190 445 1240 usquam
455 1179 552 1240 potuit:
565 1177 712 1244 scopuloque
723 1177 793 1228 affixa
803 1180 911 1230 cohesit.

262 1249 361 1313 Altera,
375 1249 434 1305 dum
445 1253 517 1304 solito
528 1269 604 1304 tentat
616 1255 730 1320 plangore
741 1257 810 1306 serite

263 1329 377 1388 Peiora,
393 1346 496 1384 tentatos
512 1334 583 1382 sentit
594 1323 688 1398 riguisse
703 1335 814 1396 iacertps.

216 1409 227 1456 5
233 1406 308 1457 551112
319 1442 328 1468 ,
341 1421 426 1459 manus
437 1425 464 1460 ut
475 1411 537 1462 sorte
548 1409 681 1462 tetenderat
691 1416 716 1460 in
730 1416 802 1462 maris
812 1405 905 1476 undas,

263 1486 336 1537 Saxea
346 1487 407 1538 frua
418 1505 501 1539 manus
512 1491 539 1538 in
547 1488 642 1540 easdem
654 1495 756 1557 porrigit
768 1491 850 1542 undas.

261 1563 356 1630 Hujus,
372 1582 399 1617 ut
409 1583 530 1634 arreptum
542 1569 648 1619 laniabat
657 1575 744 1621 vertice
756 1573 866 1632 crinem,

262 1639 368 1693 Duraros
378 1643 456 1694 subito
467 1645 556 1711 digitos
567 1650 593 1696 in
606 1652 671 1696 trine
683 1647 784 1697 videres.

263 1719 320 1780 Quo
328 1739 427 1787 queque
436 1727 461 1770 in
472 1723 537 1786 gestu
547 1723 716 1787 deprenditur,
731 1728 798 1774 haesit
808 1726 834 1774 in
842 1723 897 1775 iilo.

215 1794 317 1848 swam
328 1799 436 1850 volucres
448 1798 531 1856 fasiae3
544 1817 597 1866 quae
608 1817 671 1849 nunc
683 1817 778 1867 quoque
790 1805 884 1868 gurgite
895 1805 921 1852 in
931 1803 979 1856 iilo

260 1876 368 1945 AEquora
377 1874 520 1942 distringunt
531 1879 614 1927 sumtis
624 1876 752 1929 Ismenides
762 1878 813 1929 aiis.

292 2036 376 2089 Nescit
390 2038 533 2105 igenorides
544 2055 626 2093 natam
636 2057 783 2110 parvumque
794 2056 908 2109 nepotem

259 2113 374 2184 AEquoris
383 2114 429 2167 ess'e
441 2118 517 2169 Deos.
527 2120 603 2169 Lusiu
613 2122 717 2187 serieque
727 2121 849 2173 malorum

261 2195 360 2256 vidus,
378 2200 403 2246 δι
414 2197 527 2253 ostentis,
543 2214 597 2263 quae
609 2199 711 2263 plurima
723 2197 833 2258 videratt
849 2201 897 2249 exit

215 2274 384 2341 565Conditor
395 2277 452 2325 urbe
463 2275 504 2325 sui
515 2293 523 2333 3
543 2292 665 2343 tamquam
679 2278 696 2325 F
697 2292 783 2327 ortuna
794 2279 921 2336 locorum,

261 2352 320 2402 Non
332 2354 372 2402 sua
384 2355 406 2401 se
417 2369 551 2417 premeret:
564 2354 689 2419 longisque
700 2356 813 2404 erratibus
825 2357 888 2403 asius

260 2430 373 2495 Contigit
383 2429 507 2493 illyricos,
520 2431 623 2495 profugi
634 2446 690 2481 tum
700 2435 804 2496 conjuge
815 2466 823 2491 ‚
835 2430 904 2484 fines.

259 2507 360 2573 Jamque
371 2506 439 2557 maiis
451 2510 564 2573 annisque
571 2523 670 2572 graves,
683 2506 741 2557 dum
750 2511 827 2573 prima
836 2512 963 2561 retrasiant

260 2587 319 2636 Fata
329 2582 432 2641 dotnds.
445 2584 601 2650 releguntque
612 2586 666 2634 suos
676 2587 784 2635 sermone
795 2586 903 2647 labores3

215 2664 327 2730 57oNum
339 2665 402 2713 sacer
413 2662 455 2711 ille
466 2663 521 2713 med
531 2664 641 2728 trajeiius
652 2663 748 2729 cuspide
760 2667 852 2731 serpens
862 2700 871 2726 ,

260 2741 368 2794 Cadmus
380 2745 429 2800 ait,
443 2741 534 2794 suerit?
547 2758 618 2799 tum,
633 2742 690 2793 crim
700 2741 789 2794 Sidone
799 2744 917 2809 profesiut

260 2822 375 2888 Vipereos
389 2823 460 2886 sparsi
470 2837 511 2886 per
521 2823 640 2882 humum,
651 2838 715 2872 nova
725 2824 831 2881 semina,
843 2819 935 2871 dentes.

191 2931 195 2937 ·
260 2900 341 2961 Quem
352 2902 371 2949 si
382 2914 438 2949 cura
447 2898 528 2961 Derim
539 2914 589 2947 tem
600 2898 664 2949 certi
673 2896 779 2949 vindicat
788 2897 841 2958 iri,

261 2979 313 3043 lpse
324 2993 407 3043 precor
417 2979 510 3042 serpens
520 2980 545 3025 in
557 2978 655 3042 longam
666 2979 772 3041 porrigar
787 2973 878 3025 alvum.
936 3008 938 3015 ·

216 3055 335 3111 575Dirit
346 3074 352 3103 r
364 3058 388 3105 ἃ
398 3088 407 3117 ,
418 3070 445 3103 ut
455 3056 565 3119 serpens,
577 3057 603 3103 in
614 3054 715 3119 longam
728 3050 832 3103 tenditur
843 3052 924 3105 aivum
934 3068 943 3114 3

261 3132 407 3199 Durataeque
418 3135 467 3183 cuti
478 3134 586 3199 squamas
597 3133 724 3181 increscere
735 3132 822 3192 sentit,

261 3209 385 3278 Nigraque
395 3209 500 3261 ceruleis
510 3212 596 3264 variari
606 3226 706 3278 corpora
716 3210 789 3276 guttis
798 3224 807 3269 3
