2334 4150
261 573 328 631 106
401 565 443 633 P.
468 569 624 635 Orrnrr
645 572 841 636 Nasonis

256 686 338 735 Poscit
346 703 435 752 opem:
447 686 590 754 credensque
597 706 696 754 parum,
707 693 752 740 sibi
761 693 869 755 proxima
880 687 959 750 tangit

224 754 237 783 l
257 761 385 829 Corpora:
395 780 500 814 marmor
508 781 582 815 etant.
593 771 727 826 Avertitur3
739 783 811 834 arque
827 770 861 816 ira
877 765 975 829 supplex

208 839 430 907 2¹5Confelsasque
442 858 544 902 manue,
557 843 704 909 obliquaque
717 845 812 892 brachia
824 839 940 899 tendens,

256 919 354 973 Vincis,
366 922 417 979 ait,
430 920 514 968 Perseu
526 938 534 968 ,·
547 938 644 971 remove
654 921 704 972 fera
713 923 836 981 monstra,
856 934 950 984 tueque
1089 917 1092 1006 1

256 995 369 1048 Saxificos
380 997 477 1057 vultus,
494 1014 651 1064 quaecumque
663 1016 707 1060 ea,
723 999 782 1049 tolle
792 997 908 1047 Medusae.

255 1073 347 1128 Tolle,
365 1090 449 1139 precor
461 1092 469 1122 .·
482 1091 532 1123 non
542 1092 587 1124 nos
598 1074 701 1134 odium,
718 1079 813 1140 regnive
828 1072 917 1139 cupido

256 1149 387 1216 Compulit
402 1151 432 1201 ad
443 1151 534 1200 bellum
546 1169 554 1200 .’
566 1168 610 1216 pro
621 1157 722 1218 coniuge
734 1156 854 1202 movimus
866 1165 941 1198 arina.

207 1226 333 1278 uocauit
346 1227 392 1276 fuit
403 1232 494 1277 meritis
505 1229 592 1279 melior
603 1244 644 1279 tua
654 1264 662 1289 ,
682 1245 789 1294 tempore
800 1229 888 1278 nostra.

255 1307 313 1357 Non
324 1305 415 1357 cessisse
428 1312 501 1374 piget.
513 1308 581 1357 Nihil
593 1343 600 1367 ‚
613 1307 628 1357 ὃ
640 1308 647 1358 l
666 1308 812 1367 fortissime,
825 1321 910 1373 praeter

253 1382 323 1432 Hanc
332 1386 439 1432 animam
450 1381 555 1443 concede
565 1387 626 1432 mihi
639 1401 647 1432 r
660 1399 701 1434 tua
711 1400 788 1434 cetera
802 1387 880 1434 sunto.

255 1461 325 1512 Talia
336 1460 426 1512 dicenti
437 1497 446 1518 ,
464 1478 540 1528 neque
552 1479 606 1512 eum
617 1497 624 1523 ‚
639 1479 712 1529 quem
722 1480 782 1514 voce
792 1465 907 1528 rogabat,

255 1539 379 1605 Respicere
389 1540 507 1600 audenti,
524 1539 617 1601 Quod,
632 1545 683 1595 ait,
703 1541 853 1591 timidissime
866 1543 977 1595 Phineu.

206 1630 250 1665 aar
258 1617 288 1666 Et
297 1615 393 1682 possum
404 1616 525 1672 tribuisse,
542 1623 566 1668 &
578 1635 692 1684 magnum
703 1637 789 1670 munus
800 1621 869 1668 inerri
880 1619 931 1678 est,

257 1696 323 1744 Pone
334 1711 445 1755 metum,
460 1697 564 1745 tribuam
576 1713 585 1743 .·
597 1695 665 1745 nullo
679 1696 800 1746 violabere
812 1695 883 1744 ferro.

256 1772 322 1834 Quin
333 1775 405 1820 etiam
416 1774 526 1820 mansura
537 1769 600 1820 dabo
612 1788 767 1821 monumenta
779 1789 820 1835 per
830 1788 907 1820 fevum
920 1790 929 1820 ι

255 1850 331 1916 inque
342 1847 417 1898 domo
429 1849 502 1896 soceri
513 1849 604 1911 semper
614 1848 745 1912 speilabere
755 1849 846 1908 nostri,·
1085 1865 1092 2091 p

255 1926 291 1975 Ut
300 1942 354 1974 mea
364 1927 387 1973 se
399 1927 478 1989 sponsi
488 1923 576 1973 soletur
587 1926 691 1989 imagine
702 1929 799 1989 conjux.

208 2019 222 2052 2
227 2001 341 2065 joDirit:
354 2003 378 2048 dc
390 2003 416 2048 in
428 2014 518 2064 partem
530 1996 680 2060 Phorcynida
692 1997 810 2049 transtulit
818 1997 907 2058 illam,

256 2078 294 2129 Ad
306 2096 380 2146 quam
390 2082 413 2129 se
425 2078 520 2145 trepido
531 2080 633 2128 Phineus
645 2079 781 2129 obverterat
792 2096 842 2128 ore.

256 2156 322 2205 Tum
333 2173 430 2224 quoque
440 2161 538 2207 conanti
551 2160 591 2206 sua
601 2156 692 2206 desiere
705 2156 797 2205 lumina
808 2158 888 2206 cervix

256 2232 381 2298 Diriguit,
397 2236 500 2300 saxoque
512 2234 640 2283 oculorum
651 2232 758 2283 induruit
769 2238 865 2283 humor.

256 2310 303 2360 Sed
311 2327 390 2361 tamen
397 2329 424 2361 os
433 2310 695 2377 timidum,vulrusque
704 2315 728 2359 in
735 2328 854 2360 marmore
861 2310 978 2378 supplex,

207 2389 427 2458 2355ubmiffaeque
437 2409 539 2450 manus,
551 2390 670 2456 faciesque
681 2391 785 2439 obnoxia
796 2392 893 2439 mansit.

290 2539 373 2588 Vilior
382 2534 526 2589 Abantiades
536 2538 625 2602 patrios
635 2541 690 2584 cuin
703 2540 805 2602 conjuge
816 2552 899 2587 muros

182 2656 186 2661 .
256 2616 351 2676 luerat,
366 2621 391 2665 δι
401 2618 526 2664 immerita
536 2614 624 2665 vindex
636 2614 747 2681 ultorque
758 2621 862 2681 putentis

258 2692 401 2760 Aggreditur
412 2694 518 2743 Proetum
531 2711 537 2740 r
549 2708 623 2752 nam,
637 2692 708 2743 fratre
721 2709 837 2758 perarma
848 2694 948 2763 fugato,

257 2771 404 2823 Acrisioneas
416 2773 508 2823 Proetus
518 2770 652 2838 possederat
663 2788 735 2823 arcer.

212 2846 306 2916 2408ed
314 2864 357 2895 nec
365 2864 410 2912 ope
418 2864 539 2896 armorum
548 2882 556 2905 ,
565 2864 609 2896 nec
617 2883 624 2905 ‚
633 2848 706 2913 qudm
716 2846 777 2895 mali
786 2862 893 2911 ceperat,
903 2862 955 2895 arte
963 2881 974 2908 ,

260 2926 341 2976 Torva
352 2924 491 2974 colubriferi
501 2928 619 2989 superavit
627 2925 718 2975 lumina
728 2924 834 2973 monstri.

292 3071 328 3119 Te
339 3087 436 3130 tamen,
448 3068 480 3121 d!
492 3088 570 3136 parve
580 3073 673 3131 testor,
686 3067 812 3132 Polydesia
822 3103 831 3127 ,
842 3068 932 3132 Seriphi
943 3102 953 3129 ,

258 3146 311 3195 Nec
323 3153 416 3211 juvenis
425 3153 516 3208 virtus,
528 3166 572 3214 per
581 3164 619 3199 tor
633 3150 732 3213 spesiara
744 3148 853 3203 labores,

260 3222 311 3271 Nec
324 3227 388 3275 mula
397 3228 535 3277 mollieranr
546 3244 552 3275 e
565 3223 606 3275 sed
616 3224 761 3275 inexorabile
774 3222 846 3274 durus

213 3298 359 3355 ²45Exercer
371 3302 457 3353 olium
466 3338 475 3367 ,
485 3320 529 3353 nec
539 3302 622 3371 iniqui
633 3301 687 3353 finis
698 3304 723 3353 in
735 3304 770 3351 ira
782 3300 823 3350 est.
