2334 4150
291 576 342 640 ,44
372 553 415 621 P.
450 555 650 621 Ournrr
680 556 907 623 NAsours

294 675 344 735 At,
363 690 422 740 puto
434 708 441 734 ,
457 690 506 723 non
518 673 582 723 ultro
592 709 600 733 ‚
612 690 655 722 nec
667 677 796 741 quicquam
808 675 855 723 tale
869 689 996 740 rogantem
1058 678 1069 726 ··,

293 752 336 801 Me
354 756 431 813 petiit.
450 753 500 815 ipsi
520 751 576 800 licet
587 754 656 800 hoca
667 752 762 801 Pallade
773 768 880 818 quaeras3

294 830 408 891 Quamvis
419 834 478 878 irata
495 830 542 889 est,
554 847 603 878 non
615 833 660 878 hoc
673 833 733 878 irata
742 832 848 895 negabit.

292 907 357 955 Nam
372 922 410 956 nte
422 907 539 956 Phocaica
551 907 627 956 clarus
639 907 723 956 tellure
734 906 880 967 Coroneus,

249 985 361 1043 570Nota
378 986 465 1050 loquor
477 1020 485 1044 ‚
502 988 584 1049 genuit
595 1006 599 1031 :
611 985 750 1051 fueramque
762 1002 806 1049 ego
818 990 882 1050 regia
892 986 978 1049 virgo3

294 1064 462 1128 Divitibusque
480 1067 575 1128 procis,
593 1080 623 1111 ne
640 1080 678 1111 me
690 1056 833 1122 contemne,
846 1065 950 1127 petebat.

294 1141 382 1190 Forma
399 1143 458 1189 mihi
478 1145 576 1191 nocuit:
589 1158 661 1201 nam,
677 1140 735 1190 dum
747 1159 788 1206 per
799 1141 870 1191 lrtora
888 1143 958 1189 lentis

294 1218 419 1279 Panibus,
432 1234 458 1267 ut
470 1218 535 1267 soleo
550 1254 557 1278 ‚
580 1220 675 1267 summi
694 1222 804 1283 spatiarer
815 1219 903 1278 areni,

210 1316 215 1327 ¹
294 1295 363 1345 Vidit
379 1331 386 1356 ‚
404 1299 538 1346 &incaluit
549 1296 627 1361 pelagi
642 1296 704 1345 Deus
715 1315 720 1343 :
731 1312 803 1363 utque
817 1294 936 1361 precando

249 1366 291 1413 575
300 1376 418 1440 Tempora
432 1392 487 1423 cum
499 1372 593 1423 blandis
605 1376 737 1423 consumsit
746 1377 826 1423 inania
841 1374 936 1431 verbis;

295 1453 353 1501 Vim
364 1466 446 1517 parat,
464 1456 488 1501 bc
506 1454 627 1517 sequitur:
641 1452 726 1517 fugio,
741 1451 887 1514 densumque
902 1452 1014 1517 relinquo

295 1531 362 1579 Litus
375 1566 383 1589 ,
403 1536 426 1579 &
441 1535 466 1579 in
476 1530 546 1579 molli
557 1533 719 1595 nequicquam
735 1528 806 1579 lailor
817 1529 897 1579 areni.

295 1607 353 1657 Inde
366 1609 430 1657 Deos
441 1610 669 1673 hominesquevoco
682 1626 688 1656 e
700 1624 743 1656 nec
753 1610 856 1673 contigit
866 1607 945 1656 ullum

295 1686 351 1735 Vox
369 1704 421 1735 mea
439 1685 581 1735 mortalem:
591 1701 658 1734 mota
670 1686 702 1733 est
712 1702 755 1749 pro
766 1688 858 1751 virgine
868 1690 956 1751 virgo,

251 1752 467 1827 580Auxiliumque
479 1762 543 1811 tulit.
561 1760 702 1813 Tendebam
714 1764 809 1811 brachia
818 1764 881 1813 coelo
893 1782 900 1812 ι

256 1834 265 1845 '
296 1842 395 1890 Brachia
403 1854 527 1903 coeperunt
537 1840 628 1887 levibus
640 1840 770 1903 nigrescere
781 1844 873 1905 pennis.

298 1920 404 1981 Rejicere
419 1933 446 1965 ex
462 1920 567 1965 humeris
580 1917 667 1964 vellem
681 1916 802 1976 molibar3
821 1933 845 1966 at
857 1918 902 1967 illa

298 1994 383 2049 Pluma
394 2009 458 2054 erat,
473 1998 546 2060 inque
561 2009 641 2042 cutem
652 1992 742 2042 radices
753 2010 833 2059 egerat
843 1999 912 2044 imas.

298 2071 412 2138 Plangere
424 2070 487 2123 nuda
499 2076 557 2121 meis
573 2072 676 2121 conabar
690 2077 785 2138 peblora
800 2074 899 2142 palmis:

252 2147 344 2211 58er
357 2167 433 2216 neque
445 2154 494 2215 jam
504 2150 612 2216 palmas,
625 2167 668 2199 nec
682 2154 776 2216 pestora
786 2149 851 2200 nuda
861 2154 984 2217 gerebam.

299 2227 430 2276 Currebam
443 2246 451 2286 ς
467 2245 527 2282 nec,
540 2243 649 2287 utanre,
662 2226 733 2293 pedes
743 2230 861 2278 retinebat
871 2234 958 2303 {enm

298 2305 330 2352 Et
346 2305 438 2353 summi
450 2305 552 2354 tollebar
561 2307 650 2353 lrumo:
660 2322 717 2352 mox
728 2308 778 2353 asta
789 2322 830 2368 per
840 2321 906 2353 auras

299 2381 406 2436 Evehor,
417 2385 442 2429 δι
454 2380 509 2430 data
522 2383 574 2429 sum
586 2398 667 2429 comes
677 2380 798 2443 inculpata
808 2382 933 2432 Minervae.

299 2456 365 2517 Quid
379 2472 459 2506 tamen
469 2461 515 2506 hot
526 2456 634 2522 prodest,
648 2461 667 2506 si
680 2491 688 2515 ‚
700 2454 753 2505 diro
764 2456 825 2505 faeta
835 2458 940 2508 volucris

253 2534 409 2590 taocrimine
415 2568 424 2595 ‚
436 2535 576 2598 Nyelimene
587 2535 668 2584 nostro
685 2536 795 2585 successit
804 2537 891 2585 honori
901 2540 910 2586 Ξ

333 2695 388 2752 An,
405 2709 458 2760 quae
472 2709 514 2759 per
525 2707 601 2742 totam
615 2710 650 2742 res
662 2694 694 2743 est
707 2696 831 2743 notissima
840 2695 950 2756 Lesbon,

300 2771 359 2822 Non
370 2770 450 2822 audita
463 2773 506 2821 tibi
518 2771 549 2820 eli
560 2775 568 2820 Ξ
579 2775 684 2835 patrium
696 2770 818 2820 temerasse
829 2771 908 2820 cubile

299 2851 475 2913 Nyctimenen?
487 2851 541 2897 rivis
553 2847 595 2895 illa
605 2848 703 2913 quidem
714 2868 720 2896 ι
734 2847 775 2898 sed
784 2852 879 2898 conscia
890 2850 966 2914 culpa

305 2927 466 2990 Conspectum
477 2925 602 2988 lucemque
614 2925 691 2988 fugit,
708 2927 856 2992 tenebrisque
867 2925 984 2992 pudorem

255 2998 392 3062 lucum
409 3007 433 3052 δι
448 3005 558 3052 εοιιῃίὶὶε
570 3002 696 3066 expellitur
706 3006 793 3053 ethere
805 3020 867 3055 toro.

336 3162 405 3212 Talia
418 3160 523 3220 dicenti,
541 3160 612 3220 Tibi,
633 3163 682 3219 ait,
698 3166 866 3222 revocamine,
880 3179 984 3225 torvus,

304 3241 356 3292 Sint
370 3256 453 3306 precor
463 3240 506 3289 illa
516 3238 582 3289 malo
591 3258 598 3290 e
606 3255 651 3288 nos
663 3255 752 3292 vanum
761 3242 891 3307 spernimus
902 3257 984 3290 omen.

650 3467 656 3493 l

1072 1079 1075 1128 l
