2334 4150
215 511 640 592 MrrAuonruosuou
663 510 702 578 L
728 514 771 578 X.
803 534 868 599 239

160 637 249 702 Lignea
257 636 390 686 contulerat
404 649 510 684 veterum
518 632 646 682 simulacra
652 632 771 681 Deorum.

161 715 232 764 Hunc
246 717 308 772 iuits
320 717 345 762 &
361 715 436 762 vetito
448 726 547 760 temerat
560 713 660 762 sacraria
669 712 767 775 probro.
876 717 919 770 695
1009 738 1013 747 .

161 794 231 841 Sacra
245 787 388 841 retorserunt
398 789 482 839 oculos
491 808 497 838 =
506 791 636 855 turritaque
646 790 740 848 Mater,

160 869 199 919 An
211 869 293 934 Stygii
308 870 403 928 butes,
420 865 550 921 dubitavit,
563 882 680 932 mergeret
694 863 768 914 undis.

161 945 236 994 Poena
247 947 304 994 leuis
315 947 364 996 visa
381 945 421 994 cst.
433 945 497 1010 Ergo
508 943 582 993 modo
594 945 661 994 levia
674 943 746 994 fulve

162 1020 237 1072 Colis
247 1023 309 1087 jubae
318 1023 415 1072 velant:
428 1019 499 1088 digiti
509 1036 636 1072 curvantur
651 1025 676 1070 in
686 1035 786 1088 ungues.
883 1074 887 1081 ,

162 1099 198 1149 Ex
210 1101 313 1148 humeris
324 1103 385 1149 armi
400 1099 461 1148 fiunt
470 1118 476 1147 s
485 1103 510 1148 in
521 1101 614 1163 pedore
625 1114 705 1148 totum
878 1110 926 1153 700

163 1175 260 1227 Pondus
278 1179 327 1228 abit
339 1197 345 1226 s
357 1179 455 1227 summas
465 1176 541 1227 caudi
551 1193 676 1228 verruntur
686 1193 771 1228 arenae.

163 1255 226 1306 itam
242 1255 323 1306 vultus
333 1256 404 1306 habet
414 1275 420 1303 ε
433 1273 475 1320 pro
485 1258 563 1311 verbis
575 1272 698 1306 murmura
707 1251 810 1304 reddunt
820 1269 829 1312 3
877 1249 881 1253 ’

164 1333 211 1382 Pro
222 1333 332 1384 thalamis
344 1332 465 1384 celebrant
475 1333 545 1384 silvas
556 1353 563 1382 s
575 1334 674 1400 aliisque
686 1329 805 1399 timendi,

165 1411 244 1460 Dente
252 1425 364 1476 premunt
373 1409 468 1460 domito
481 1411 599 1473 Cybeleia
608 1411 674 1460 frena
685 1410 774 1460 leones.
812 1407 815 1412 “

166 1488 216 1538 Hos
229 1504 271 1542 tu,
283 1503 335 1535 care
347 1489 406 1534 mihi
419 1521 427 1545 ‚
438 1503 540 1551 cumque
552 1489 588 1534 his
596 1503 668 1550 genus
679 1501 751 1534 omne
761 1480 925 1552 ferarum,705

166 1563 225 1624 Qun
233 1580 283 1614 non
294 1578 360 1626 terga
370 1561 431 1625 fuge
440 1597 448 1620 ,
458 1558 498 1610 sed
509 1577 593 1626 pugnae
604 1564 697 1625 potiora
707 1561 831 1625 prebent,

166 1639 252 1709 Effuge
264 1659 270 1690 2
281 1656 312 1690 ne
327 1642 402 1711 virtus
416 1654 457 1691 tua
468 1641 497 1688 sir
512 1636 627 1688 damnosa
638 1636 741 1688 duobus.
764 1683 770 1691 ,

200 1799 244 1848 illa
259 1797 357 1865 quidem
373 1801 484 1858 monuit,
500 1800 630 1865 junctisque
646 1815 688 1864 per
702 1802 755 1846 a'e'rs
767 1797 850 1862 cygnis

168 1876 255 1940 Carpit
263 1881 321 1927 iter:
332 1875 372 1926 sed
379 1877 423 1926 stat
434 1880 531 1928 monitis
541 1867 660 1928 contraria
670 1879 756 1925 virtus„

169 1955 240 2004 Forte
250 1955 315 2004 suern
327 1954 422 2004 latebris
434 1990 441 2014 ‚
452 1955 548 2018 vestigia
560 1969 623 2003 certa
634 1956 723 2013 secuti,
831 1999 834 2005 ,
885 1955 933 1999 7¹0

168 2030 282 2082 Excivere
293 2048 378 2092 saner,
394 2032 505 2099 silvisque
519 2034 581 2083 exire
597 2048 721 2098 parantem
803 2078 806 2083 .
828 2035 832 2046 “

171 2110 264 2160 fixerat
276 2110 377 2176 obliquo
388 2114 479 2176 juvenis
489 2110 618 2172 Cinyreius
628 2114 684 2159 iun.

171 2184 283 2236 Protinus
297 2191 397 2237 excussit
412 2178 620 2253 pando'venabula
634 2188 726 2247 rostro,

172 2264 289 2327 Sanguine
302 2268 373 2314 tineis
382 2268 424 2314 suo
436 2284 441 2313 :
455 2263 636 2330 trepidumque,
654 2269 679 2314 &
690 2280 742 2315 tura
748 2279 868 2331 petentem

173 2340 239 2388 Trux
249 2356 304 2405 aper
314 2344 444 2407 insequitur
454 2362 461 2391 s
472 2358 583 2407 torosque
595 2345 636 2391 sub
646 2346 743 2408 inguine
759 2340 842 2393 dentes
886 2354 929 2399 711

173 2415 291 2479 Abdidit,
308 2423 333 2467 &
346 2420 413 2469 fulvi
423 2420 594 2471 moribundum
607 2420 687 2471 stravit
698 2419 782 2472 ateni-
925 2421 933 2435 ⁸

116 2502 119 2507 '
173 2496 248 2545 Veiis
258 2497 305 2546 levi
315 2513 385 2547 curru
394 2496 482 2547 medias
494 2497 613 2561 Cytheris
626 2515 666 2563 per
676 2515 744 2548 auras

174 2572 276 2639 Cypron
288 2575 389 2633 olorinis
403 2573 510 2625 nondum
524 2584 661 2639 pervenerat
675 2576 728 2624 alis.

174 2651 281 2715 Agnovit
294 2650 366 2715 longi
377 2655 492 2715 gemitum
503 2655 643 2711 morientis,
659 2656 684 2702 &
694 2652 758 2701 albas

175 2728 193 2777 F
195 2729 253 2778 lexis
261 2745 315 2777 aves
326 2728 393 2777 illuc.
406 2728 485 2795 thue
497 2731 582 2778 uthere
593 2729 655 2778 vidit
666 2731 695 2777 ab
706 2729 757 2779 alto
889 2751 937 2797 720

175 2804 333 2859 Exanimem,
349 2807 419 2871 inque
428 2807 469 2854 suo
479 2809 605 2870 innantem
616 2809 728 2872 sanguine
742 2822 840 2872 corpus,

176 2882 300 2932 Desiluit:
312 2886 444 2947 pariterque
456 2886 535 2943 sinus,
546 2887 679 2951 pariterque
692 2884 791 2947 capillos
829 2942 832 2946 ¹

176 2961 251 3025 Rupit
262 2976 270 3019 3
283 2964 308 3009 &
318 2958 422 3025 indignis
432 2965 545 3025 percussit
555 2965 649 3027 pednra
659 2961 754 3027 palmis.
808 2957 815 2962 ’

176 3036 311 3103 Questaque
323 3054 378 3087 cum
392 3037 466 3099 fsrirs
481 3038 512 3088 At
525 3056 574 3090 non
586 3054 665 3089 tamen
677 3043 759 3089 omnia
773 3040 842 3090 vestri

177 3113 239 3163 iuris
250 3130 336 3175 erunt,
350 3119 438 3182 inquit.
450 3114 536 3165 Lustris
546 3134 703 3167 monumenta
713 3120 842 3167 manebunt
891 3136 936 3183 725

179 3184 293 3258 Sensper,
309 3191 406 3259 Adoni,
420 3197 468 3247 mei
479 3213 486 3247 1
496 3198 643 3263 repetitaque
653 3199 738 3248 mortis
751 3198 832 3263 imago
925 3184 928 3189 ’
