<?xml version="1.0" encoding="UTF-8"?>
<!DOCTYPE html PUBLIC "-//W3C//DTD XHTML 1.0 Transitional//EN"
    "http://www.w3.org/TR/xhtml1/DTD/xhtml1-transitional.dtd">
<html xmlns="http://www.w3.org/1999/xhtml" xml:lang="en" lang="en">
 <head>
  <title>
</title>
<meta http-equiv="Content-Type" content="text/html;charset=utf-8" />
  <meta name='ocr-system' content='tesseract 3.04.00' />
  <meta name='ocr-capabilities' content='ocr_page ocr_carea ocr_par ocr_line ocrx_word'/>
</head>
<body>
  <div class='ocr_page' id='page_1' title='image "./povidiinasoniso04ovidgoog_0073.png"; bbox 0 0 2334 4150; ppageno 0'>
   <div class='ocr_carea' id='block_1_1' title="bbox 251 564 915 644">
    <p class='ocr_par' dir='ltr' id='par_1_1' title="bbox 251 564 915 644">
     <span class='ocr_line' id='line_1_1' title="bbox 251 564 915 644; baseline -0.015 -1"><span class='ocrx_word' id='word_1_1' title='bbox 251 574 681 644; x_wconf 69' lang='lat' dir='ltr'>Maranoarnostort</span> <span class='ocrx_word' id='word_1_2' title='bbox 705 565 743 633; x_wconf 85' lang='lat' dir='ltr'>L.</span> <span class='ocrx_word' id='word_1_3' title='bbox 769 564 838 633; x_wconf 82' lang='grc' dir='ltr'><strong><em>ΙΙΙ.</em></strong></span> <span class='ocrx_word' id='word_1_4' title='bbox 872 570 915 633; x_wconf 84' lang='lat'>61</span> 
     </span>
    </p>
   </div>
   <div class='ocr_carea' id='block_1_2' title="bbox 199 686 971 2077">
    <p class='ocr_par' dir='ltr' id='par_1_2' title="bbox 199 686 966 1066">
     <span class='ocr_line' id='line_1_2' title="bbox 199 686 825 755; baseline -0.014 -12"><span class='ocrx_word' id='word_1_5' title='bbox 199 693 261 743; x_wconf 86' lang='lat' dir='ltr'>Visa</span> <span class='ocrx_word' id='word_1_6' title='bbox 274 695 328 744; x_wconf 88' lang='lat' dir='ltr'>Dea</span> <span class='ocrx_word' id='word_1_7' title='bbox 346 693 394 742; x_wconf 83' lang='lat' dir='ltr'>est:</span> <span class='ocrx_word' id='word_1_8' title='bbox 407 690 448 741; x_wconf 90' lang='lat' dir='ltr'>alii</span> <span class='ocrx_word' id='word_1_9' title='bbox 461 689 572 750; x_wconf 86' lang='lat' dir='ltr'>laudant,</span> <span class='ocrx_word' id='word_1_10' title='bbox 586 688 733 755; x_wconf 74' lang='lat' dir='ltr'><strong>dignamque</strong></span> <span class='ocrx_word' id='word_1_11' title='bbox 744 686 825 735; x_wconf 72' lang='lat' dir='ltr'>severa</span> 
     </span>
     <span class='ocr_line' id='line_1_3' title="bbox 200 765 966 836; baseline -0.013 -16"><span class='ocrx_word' id='word_1_12' title='bbox 200 772 350 836; x_wconf 81' lang='lat' dir='ltr'>virginitate</span> <span class='ocrx_word' id='word_1_13' title='bbox 365 784 469 820; x_wconf 88' lang='lat' dir='ltr'>vocant:</span> <span class='ocrx_word' id='word_1_14' title='bbox 484 786 535 834; x_wconf 82' lang='lat' dir='ltr'>pars</span> <span class='ocrx_word' id='word_1_15' title='bbox 554 770 646 817; x_wconf 77' lang='lat' dir='ltr'>inienit</span> <span class='ocrx_word' id='word_1_16' title='bbox 657 782 757 831; x_wconf 87' lang='lat' dir='ltr'>utraque</span> <span class='ocrx_word' id='word_1_17' title='bbox 768 765 857 813; x_wconf 80' lang='lat' dir='ltr'>causas.</span> <span class='ocrx_word' id='word_1_18' title='bbox 924 782 966 833; x_wconf 78' lang='lat'>²55</span> 
     </span>
     <span class='ocr_line' id='line_1_4' title="bbox 200 845 809 912; baseline -0.011 -15"><span class='ocrx_word' id='word_1_19' title='bbox 200 850 260 898; x_wconf 85' lang='lat' dir='ltr'>Sola</span> <span class='ocrx_word' id='word_1_20' title='bbox 279 850 443 912; x_wconf 66' lang='lat' dir='ltr'>lovis-coniux</span> <span class='ocrx_word' id='word_1_21' title='bbox 452 864 502 897; x_wconf 90' lang='lat' dir='ltr'>non</span> <span class='ocrx_word' id='word_1_22' title='bbox 513 862 562 895; x_wconf 90' lang='lat' dir='ltr'>tam</span> <span class='ocrx_word' id='word_1_23' title='bbox 573 846 682 909; x_wconf 80' lang='lat' dir='ltr'>culpetne</span> <span class='ocrx_word' id='word_1_24' title='bbox 692 845 809 909; x_wconf 80' lang='lat' dir='ltr'>probetne</span> 
     </span>
     <span class='ocr_line' id='line_1_5' title="bbox 200 920 891 993; baseline -0.004 -19"><span class='ocrx_word' id='word_1_25' title='bbox 200 925 350 991; x_wconf 81' lang='lat' dir='ltr'>Eloquitur,</span> <span class='ocrx_word' id='word_1_26' title='bbox 369 926 444 993; x_wconf 76' lang='lat' dir='ltr'>quim</span> <span class='ocrx_word' id='word_1_27' title='bbox 460 924 527 974; x_wconf 87' lang='lat' dir='ltr'>clade</span> <span class='ocrx_word' id='word_1_28' title='bbox 542 923 628 973; x_wconf 82' lang='lat' dir='ltr'>domtis</span> <span class='ocrx_word' id='word_1_29' title='bbox 645 925 674 972; x_wconf 91' lang='lat' dir='ltr'>ab</span> <span class='ocrx_word' id='word_1_30' title='bbox 691 926 801 987; x_wconf 80' lang='lat' dir='ltr'>Agenore</span> <span class='ocrx_word' id='word_1_31' title='bbox 814 920 891 971; x_wconf 71' lang='lat' dir='ltr'>dune</span> 
     </span>
     <span class='ocr_line' id='line_1_6' title="bbox 202 999 818 1066; baseline -0.011 -13"><span class='ocrx_word' id='word_1_32' title='bbox 202 1002 315 1053; x_wconf 80' lang='lat' dir='ltr'>Gaudet:</span> <span class='ocrx_word' id='word_1_33' title='bbox 326 1008 351 1053; x_wconf 86' lang='lat'>&amp;</span> <span class='ocrx_word' id='word_1_34' title='bbox 363 1020 376 1051; x_wconf 90' lang='lat' dir='ltr'>a</span> <span class='ocrx_word' id='word_1_35' title='bbox 388 1004 460 1065; x_wconf 90' lang='lat' dir='ltr'>Tyria</span> <span class='ocrx_word' id='word_1_36' title='bbox 472 1002 599 1051; x_wconf 72' lang='lat' dir='ltr'>colleilum</span> <span class='ocrx_word' id='word_1_37' title='bbox 610 1000 695 1066; x_wconf 84' lang='lat' dir='ltr'>pellice</span> <span class='ocrx_word' id='word_1_38' title='bbox 706 999 818 1048; x_wconf 81' lang='lat' dir='ltr'>transfert</span> 
     </span>
    </p>

    <p class='ocr_par' dir='ltr' id='par_1_3' title="bbox 200 1079 759 1146">
     <span class='ocr_line' id='line_1_7' title="bbox 200 1079 759 1146; baseline -0.007 -16"><span class='ocrx_word' id='word_1_39' title='bbox 200 1081 232 1130; x_wconf 92' lang='lat' dir='ltr'>In</span> <span class='ocrx_word' id='word_1_40' title='bbox 245 1084 338 1146; x_wconf 84' lang='lat' dir='ltr'>generis</span> <span class='ocrx_word' id='word_1_41' title='bbox 350 1083 425 1130; x_wconf 88' lang='lat' dir='ltr'>socios</span> <span class='ocrx_word' id='word_1_42' title='bbox 436 1079 528 1130; x_wconf 86' lang='lat' dir='ltr'>odium.</span> <span class='ocrx_word' id='word_1_43' title='bbox 541 1081 610 1129; x_wconf 88' lang='lat' dir='ltr'>Subit</span> <span class='ocrx_word' id='word_1_44' title='bbox 619 1096 673 1127; x_wconf 86' lang='lat' dir='ltr'>ecce</span> <span class='ocrx_word' id='word_1_45' title='bbox 686 1081 759 1143; x_wconf 86' lang='lat' dir='ltr'>priori</span> 
     </span>
    </p>

    <p class='ocr_par' dir='ltr' id='par_1_4' title="bbox 202 1148 971 1380">
     <span class='ocr_line' id='line_1_8' title="bbox 202 1148 971 1223; baseline -0.013 -14"><span class='ocrx_word' id='word_1_46' title='bbox 202 1159 285 1209; x_wconf 86' lang='lat' dir='ltr'>Causa</span> <span class='ocrx_word' id='word_1_47' title='bbox 302 1176 399 1216; x_wconf 81' lang='lat' dir='ltr'>recens3</span> <span class='ocrx_word' id='word_1_48' title='bbox 410 1156 579 1223; x_wconf 86' lang='lat' dir='ltr'>gravidamque</span> <span class='ocrx_word' id='word_1_49' title='bbox 591 1156 659 1206; x_wconf 90' lang='lat' dir='ltr'>dolet</span> <span class='ocrx_word' id='word_1_50' title='bbox 668 1154 698 1205; x_wconf 89' lang='lat' dir='ltr'>de</span> <span class='ocrx_word' id='word_1_51' title='bbox 707 1148 796 1205; x_wconf 79' lang='lat' dir='ltr'>semine</span> <span class='ocrx_word' id='word_1_52' title='bbox 805 1155 887 1218; x_wconf 90' lang='lat' dir='ltr'>magni</span> <span class='ocrx_word' id='word_1_53' title='bbox 922 1156 971 1197; x_wconf 73' lang='lat'>260</span> 
     </span>
     <span class='ocr_line' id='line_1_9' title="bbox 202 1232 886 1299; baseline -0.01 -12"><span class='ocrx_word' id='word_1_54' title='bbox 202 1235 257 1286; x_wconf 82' lang='lat' dir='ltr'>Esse</span> <span class='ocrx_word' id='word_1_55' title='bbox 271 1238 338 1287; x_wconf 80' lang='lat' dir='ltr'>Jovis</span> <span class='ocrx_word' id='word_1_56' title='bbox 349 1237 465 1286; x_wconf 85' lang='lat' dir='ltr'>Semelem</span> <span class='ocrx_word' id='word_1_57' title='bbox 478 1256 484 1285; x_wconf 74' lang='grc' dir='ltr'><strong>ι</strong></span> <span class='ocrx_word' id='word_1_58' title='bbox 496 1252 547 1284; x_wconf 89' lang='lat' dir='ltr'>rum</span> <span class='ocrx_word' id='word_1_59' title='bbox 559 1235 666 1299; x_wconf 83' lang='lat' dir='ltr'>linguam</span> <span class='ocrx_word' id='word_1_60' title='bbox 677 1232 708 1283; x_wconf 87' lang='lat' dir='ltr'>ad</span> <span class='ocrx_word' id='word_1_61' title='bbox 718 1236 795 1297; x_wconf 85' lang='lat' dir='ltr'>jurgia</span> <span class='ocrx_word' id='word_1_62' title='bbox 806 1232 886 1281; x_wconf 85' lang='lat' dir='ltr'>solvit.</span> 
     </span>
     <span class='ocr_line' id='line_1_10' title="bbox 202 1310 763 1380; baseline -0.009 -16"><span class='ocrx_word' id='word_1_63' title='bbox 202 1315 299 1365; x_wconf 88' lang='lat' dir='ltr'>Profeci</span> <span class='ocrx_word' id='word_1_64' title='bbox 311 1312 370 1380; x_wconf 91' lang='lat' dir='ltr'>quid</span> <span class='ocrx_word' id='word_1_65' title='bbox 381 1318 444 1363; x_wconf 87' lang='lat' dir='ltr'>enirn</span> <span class='ocrx_word' id='word_1_66' title='bbox 456 1318 527 1364; x_wconf 85' lang='lat' dir='ltr'>toties</span> <span class='ocrx_word' id='word_1_67' title='bbox 538 1330 579 1378; x_wconf 88' lang='lat' dir='ltr'>per</span> <span class='ocrx_word' id='word_1_68' title='bbox 591 1315 682 1377; x_wconf 79' lang='lat' dir='ltr'>jurgia?</span> <span class='ocrx_word' id='word_1_69' title='bbox 693 1310 763 1360; x_wconf 82' lang='lat' dir='ltr'>dixit.</span> 
     </span>
    </p>

    <p class='ocr_par' dir='ltr' id='par_1_5' title="bbox 201 1390 842 1458">
     <span class='ocr_line' id='line_1_11' title="bbox 201 1390 842 1458; baseline -0.003 -17"><span class='ocrx_word' id='word_1_70' title='bbox 201 1392 256 1458; x_wconf 90' lang='lat' dir='ltr'>Ipsa</span> <span class='ocrx_word' id='word_1_71' title='bbox 274 1392 378 1458; x_wconf 86' lang='lat' dir='ltr'>petenda</span> <span class='ocrx_word' id='word_1_72' title='bbox 392 1394 451 1441; x_wconf 87' lang='lat' dir='ltr'>milri</span> <span class='ocrx_word' id='word_1_73' title='bbox 466 1394 498 1441; x_wconf 88' lang='lat' dir='ltr'>est</span> <span class='ocrx_word' id='word_1_74' title='bbox 510 1411 516 1439; x_wconf 93' lang='lat'>:</span> <span class='ocrx_word' id='word_1_75' title='bbox 528 1393 619 1457; x_wconf 85' lang='lat' dir='ltr'>ipsam,</span> <span class='ocrx_word' id='word_1_76' title='bbox 632 1395 651 1439; x_wconf 85' lang='lat' dir='ltr'>si</span> <span class='ocrx_word' id='word_1_77' title='bbox 664 1394 769 1439; x_wconf 81' lang='lat' dir='ltr'>maxima</span> <span class='ocrx_word' id='word_1_78' title='bbox 779 1390 842 1439; x_wconf 86' lang='lat' dir='ltr'>luno</span> 
     </span>
    </p>

    <p class='ocr_par' dir='ltr' id='par_1_6' title="bbox 202 1466 834 1536">
     <span class='ocr_line' id='line_1_12' title="bbox 202 1466 834 1536; baseline -0.006 -17"><span class='ocrx_word' id='word_1_79' title='bbox 202 1472 259 1520; x_wconf 81' lang='lat' dir='ltr'>Rite</span> <span class='ocrx_word' id='word_1_80' title='bbox 270 1488 361 1530; x_wconf 85' lang='lat' dir='ltr'>vocor,</span> <span class='ocrx_word' id='word_1_81' title='bbox 379 1469 477 1536; x_wconf 85' lang='lat' dir='ltr'>perdam</span> <span class='ocrx_word' id='word_1_82' title='bbox 491 1474 528 1518; x_wconf 83' lang='lat' dir='ltr'>:ti</span> <span class='ocrx_word' id='word_1_83' title='bbox 539 1486 578 1517; x_wconf 89' lang='lat' dir='ltr'>me</span> <span class='ocrx_word' id='word_1_84' title='bbox 592 1472 738 1533; x_wconf 80' lang='lat' dir='ltr'>gemmantia</span> <span class='ocrx_word' id='word_1_85' title='bbox 750 1466 834 1515; x_wconf 67' lang='lat' dir='ltr'>dextri</span> 
     </span>
    </p>

    <p class='ocr_par' dir='ltr' id='par_1_7' title="bbox 201 1546 968 1766">
     <span class='ocr_line' id='line_1_13' title="bbox 201 1546 968 1622; baseline -0.007 -26"><span class='ocrx_word' id='word_1_86' title='bbox 201 1550 301 1613; x_wconf 86' lang='lat' dir='ltr'>Sceptra</span> <span class='ocrx_word' id='word_1_87' title='bbox 318 1564 396 1598; x_wconf 88' lang='lat' dir='ltr'>tenere</span> <span class='ocrx_word' id='word_1_88' title='bbox 414 1548 497 1606; x_wconf 71' lang='lat' dir='ltr'>decet,</span> <span class='ocrx_word' id='word_1_89' title='bbox 509 1552 528 1596; x_wconf 83' lang='lat' dir='ltr'>si</span> <span class='ocrx_word' id='word_1_90' title='bbox 540 1550 592 1595; x_wconf 90' lang='lat' dir='ltr'>sum</span> <span class='ocrx_word' id='word_1_91' title='bbox 606 1550 705 1611; x_wconf 88' lang='lat' dir='ltr'>regina.</span> <span class='ocrx_word' id='word_1_92' title='bbox 720 1546 832 1610; x_wconf 76' lang='lat' dir='ltr'>lorisque</span> <span class='ocrx_word' id='word_1_93' title='bbox 922 1569 968 1622; x_wconf 79' lang='lat'>²⁶5</span> 
     </span>
     <span class='ocr_line' id='line_1_14' title="bbox 201 1620 921 1691; baseline -0.007 -17"><span class='ocrx_word' id='word_1_94' title='bbox 201 1624 234 1674; x_wconf 85' lang='lat' dir='ltr'>Et</span> <span class='ocrx_word' id='word_1_95' title='bbox 255 1628 324 1675; x_wconf 92' lang='lat' dir='ltr'>soror</span> <span class='ocrx_word' id='word_1_96' title='bbox 336 1630 360 1675; x_wconf 74' lang='grc' dir='ltr'>δε</span> <span class='ocrx_word' id='word_1_97' title='bbox 376 1632 473 1691; x_wconf 69' lang='lat' dir='ltr'>coniux.</span> <span class='ocrx_word' id='word_1_98' title='bbox 486 1624 559 1675; x_wconf 91' lang='lat' dir='ltr'>Certe</span> <span class='ocrx_word' id='word_1_99' title='bbox 570 1626 646 1673; x_wconf 91' lang='lat' dir='ltr'>soror.</span> <span class='ocrx_word' id='word_1_100' title='bbox 657 1626 704 1682; x_wconf 80' lang='lat' dir='ltr'>At,</span> <span class='ocrx_word' id='word_1_101' title='bbox 719 1638 796 1687; x_wconf 92' lang='lat' dir='ltr'>puto,</span> <span class='ocrx_word' id='word_1_102' title='bbox 808 1621 873 1671; x_wconf 86' lang='lat' dir='ltr'>surto</span> <span class='ocrx_word' id='word_1_103' title='bbox 888 1620 921 1670; x_wconf 87' lang='lat' dir='ltr'>est</span> 
     </span>
     <span class='ocr_line' id='line_1_15' title="bbox 201 1700 810 1766; baseline -0.008 -13"><span class='ocrx_word' id='word_1_104' title='bbox 201 1702 342 1753; x_wconf 83' lang='lat' dir='ltr'>Contenta:</span> <span class='ocrx_word' id='word_1_105' title='bbox 352 1709 377 1754; x_wconf 84' lang='lat'>&amp;</span> <span class='ocrx_word' id='word_1_106' title='bbox 390 1704 490 1753; x_wconf 88' lang='lat' dir='ltr'>thalami</span> <span class='ocrx_word' id='word_1_107' title='bbox 500 1704 576 1752; x_wconf 86' lang='lat' dir='ltr'>brevis</span> <span class='ocrx_word' id='word_1_108' title='bbox 592 1703 624 1751; x_wconf 86' lang='lat' dir='ltr'>est</span> <span class='ocrx_word' id='word_1_109' title='bbox 635 1705 722 1766; x_wconf 85' lang='lat' dir='ltr'>injuria</span> <span class='ocrx_word' id='word_1_110' title='bbox 728 1700 810 1749; x_wconf 87' lang='lat' dir='ltr'>nostri.</span> 
     </span>
    </p>

    <p class='ocr_par' dir='ltr' id='par_1_8' title="bbox 200 1777 868 1848">
     <span class='ocr_line' id='line_1_16' title="bbox 200 1777 868 1848; baseline -0.006 -17"><span class='ocrx_word' id='word_1_111' title='bbox 200 1782 322 1848; x_wconf 80' lang='lat' dir='ltr'>Concipit</span> <span class='ocrx_word' id='word_1_112' title='bbox 333 1800 339 1830; x_wconf 82' lang='lat' dir='ltr'>t</span> <span class='ocrx_word' id='word_1_113' title='bbox 351 1780 378 1831; x_wconf 86' lang='lat' dir='ltr'>id</span> <span class='ocrx_word' id='word_1_114' title='bbox 394 1780 473 1831; x_wconf 87' lang='lat' dir='ltr'>deerat</span> <span class='ocrx_word' id='word_1_115' title='bbox 488 1800 494 1829; x_wconf 78' lang='lat' dir='ltr'>r</span> <span class='ocrx_word' id='word_1_116' title='bbox 505 1780 675 1845; x_wconf 87' lang='lat' dir='ltr'>manifestaque</span> <span class='ocrx_word' id='word_1_117' title='bbox 685 1782 785 1829; x_wconf 86' lang='lat' dir='ltr'>crimina</span> <span class='ocrx_word' id='word_1_118' title='bbox 795 1777 868 1843; x_wconf 84' lang='lat' dir='ltr'>pleno</span> 
     </span>
    </p>

    <p class='ocr_par' dir='ltr' id='par_1_9' title="bbox 200 1857 877 1923">
     <span class='ocr_line' id='line_1_17' title="bbox 200 1857 877 1923; baseline -0.004 -15"><span class='ocrx_word' id='word_1_119' title='bbox 200 1860 258 1909; x_wconf 83' lang='lat' dir='ltr'>Fert</span> <span class='ocrx_word' id='word_1_120' title='bbox 278 1875 346 1910; x_wconf 88' lang='lat' dir='ltr'>utero</span> <span class='ocrx_word' id='word_1_121' title='bbox 357 1879 364 1909; x_wconf 78' lang='lat' dir='ltr'>t</span> <span class='ocrx_word' id='word_1_122' title='bbox 377 1864 401 1909; x_wconf 73' lang='grc' dir='ltr'>ὅ(</span> <span class='ocrx_word' id='word_1_123' title='bbox 413 1875 503 1917; x_wconf 89' lang='lat' dir='ltr'>mater,</span> <span class='ocrx_word' id='word_1_124' title='bbox 515 1857 580 1923; x_wconf 90' lang='lat' dir='ltr'>quod</span> <span class='ocrx_word' id='word_1_125' title='bbox 588 1861 629 1906; x_wconf 86' lang='lat' dir='ltr'>vix</span> <span class='ocrx_word' id='word_1_126' title='bbox 637 1860 697 1907; x_wconf 90' lang='lat' dir='ltr'>mihi</span> <span class='ocrx_word' id='word_1_127' title='bbox 706 1861 809 1921; x_wconf 90' lang='lat' dir='ltr'>contigit</span> <span class='ocrx_word' id='word_1_128' title='bbox 819 1858 877 1916; x_wconf 83' lang='lat' dir='ltr'>uni,</span> 
     </span>
    </p>

    <p class='ocr_par' dir='ltr' id='par_1_10' title="bbox 200 1934 969 2077">
     <span class='ocr_line' id='line_1_18' title="bbox 200 1934 969 1999; baseline -0.003 -10"><span class='ocrx_word' id='word_1_129' title='bbox 200 1939 240 1989; x_wconf 89' lang='lat' dir='ltr'>De</span> <span class='ocrx_word' id='word_1_130' title='bbox 256 1940 315 1989; x_wconf 84' lang='lat' dir='ltr'>love</span> <span class='ocrx_word' id='word_1_131' title='bbox 327 1938 380 1988; x_wconf 79' lang='lat' dir='ltr'>vult</span> <span class='ocrx_word' id='word_1_132' title='bbox 391 1937 441 1987; x_wconf 85' lang='lat' dir='ltr'>fieri</span> <span class='ocrx_word' id='word_1_133' title='bbox 453 1956 459 1986; x_wconf 74' lang='grc' dir='ltr'><strong><em>ε</em></strong></span> <span class='ocrx_word' id='word_1_134' title='bbox 472 1953 536 1987; x_wconf 86' lang='lat' dir='ltr'>tanta</span> <span class='ocrx_word' id='word_1_135' title='bbox 549 1938 581 1987; x_wconf 87' lang='lat' dir='ltr'>est</span> <span class='ocrx_word' id='word_1_136' title='bbox 597 1934 684 1985; x_wconf 87' lang='lat' dir='ltr'>fiducia</span> <span class='ocrx_word' id='word_1_137' title='bbox 702 1936 805 1985; x_wconf 82' lang='lat' dir='ltr'>formael</span> <span class='ocrx_word' id='word_1_138' title='bbox 921 1953 969 1999; x_wconf 79' lang='lat'>²7⁰</span> 
     </span>
     <span class='ocr_line' id='line_1_19' title="bbox 202 2016 813 2077; baseline -0.005 -12"><span class='ocrx_word' id='word_1_139' title='bbox 202 2017 283 2067; x_wconf 81' lang='lat' dir='ltr'>Fallat</span> <span class='ocrx_word' id='word_1_140' title='bbox 297 2034 350 2065; x_wconf 91' lang='lat' dir='ltr'>eam</span> <span class='ocrx_word' id='word_1_141' title='bbox 363 2050 370 2077; x_wconf 93' lang='lat'>,</span> <span class='ocrx_word' id='word_1_142' title='bbox 390 2017 444 2065; x_wconf 83' lang='lat' dir='ltr'>saxo</span> <span class='ocrx_word' id='word_1_143' title='bbox 457 2035 464 2065; x_wconf 81' lang='lat' dir='ltr'>r</span> <span class='ocrx_word' id='word_1_144' title='bbox 476 2032 519 2065; x_wconf 88' lang='lat' dir='ltr'>nec</span> <span class='ocrx_word' id='word_1_145' title='bbox 530 2017 580 2064; x_wconf 91' lang='lat' dir='ltr'>surn</span> <span class='ocrx_word' id='word_1_146' title='bbox 593 2016 700 2065; x_wconf 84' lang='lat' dir='ltr'>Saturnia</span> <span class='ocrx_word' id='word_1_147' title='bbox 713 2049 721 2072; x_wconf 89' lang='lat'>‚</span> <span class='ocrx_word' id='word_1_148' title='bbox 733 2018 813 2063; x_wconf 85' lang='lat' dir='ltr'>sinon</span> 
     </span>
    </p>
   </div>
   <div class='ocr_carea' id='block_1_3' title="bbox 201 2090 822 2162">
    <p class='ocr_par' dir='ltr' id='par_1_11' title="bbox 201 2090 822 2162">
     <span class='ocr_line' id='line_1_20' title="bbox 201 2090 822 2162; baseline -0.013 -15"><span class='ocrx_word' id='word_1_149' title='bbox 201 2097 240 2147; x_wconf 76' lang='lat' dir='ltr'>Ab</span> <span class='ocrx_word' id='word_1_150' title='bbox 258 2097 319 2148; x_wconf 84' lang='lat' dir='ltr'>Jove</span> <span class='ocrx_word' id='word_1_151' title='bbox 329 2097 454 2146; x_wconf 86' lang='lat' dir='ltr'>mersasuo</span> <span class='ocrx_word' id='word_1_152' title='bbox 467 2098 557 2161; x_wconf 85' lang='lat' dir='ltr'>Stygias</span> <span class='ocrx_word' id='word_1_153' title='bbox 567 2094 697 2162; x_wconf 73' lang='lat' dir='ltr'>penetrarit</span> <span class='ocrx_word' id='word_1_154' title='bbox 706 2090 822 2142; x_wconf 76' lang='lat' dir='ltr'>inundat.</span> 
     </span>
    </p>
   </div>
   <div class='ocr_carea' id='block_1_4' title="bbox 190 2251 969 3342">
    <p class='ocr_par' dir='ltr' id='par_1_12' title="bbox 190 2251 969 3342">
     <span class='ocr_line' id='line_1_21' title="bbox 236 2251 829 2321; baseline -0.008 -16"><span class='ocrx_word' id='word_1_155' title='bbox 236 2257 320 2321; x_wconf 85' lang='lat' dir='ltr'>Surgit</span> <span class='ocrx_word' id='word_1_156' title='bbox 335 2257 364 2304; x_wconf 91' lang='lat' dir='ltr'>ab</span> <span class='ocrx_word' id='word_1_157' title='bbox 374 2257 410 2305; x_wconf 79' lang='lat' dir='ltr'>his</span> <span class='ocrx_word' id='word_1_158' title='bbox 421 2254 495 2304; x_wconf 88' lang='lat' dir='ltr'>solio:</span> <span class='ocrx_word' id='word_1_159' title='bbox 510 2254 623 2320; x_wconf 69' lang='lat' dir='ltr'>fulvique</span> <span class='ocrx_word' id='word_1_160' title='bbox 633 2251 756 2304; x_wconf 87' lang='lat' dir='ltr'>recondita</span> <span class='ocrx_word' id='word_1_161' title='bbox 766 2253 829 2301; x_wconf 87' lang='lat' dir='ltr'>nube</span> 
     </span>
     <span class='ocr_line' id='line_1_22' title="bbox 201 2330 816 2391; baseline -0.002 -9"><span class='ocrx_word' id='word_1_162' title='bbox 201 2333 291 2382; x_wconf 88' lang='lat' dir='ltr'>Limen</span> <span class='ocrx_word' id='word_1_163' title='bbox 303 2330 353 2382; x_wconf 91' lang='lat' dir='ltr'>adit</span> <span class='ocrx_word' id='word_1_164' title='bbox 364 2334 465 2382; x_wconf 81' lang='lat' dir='ltr'>Semeles</span> <span class='ocrx_word' id='word_1_165' title='bbox 478 2352 483 2381; x_wconf 90' lang='lat'>:</span> <span class='ocrx_word' id='word_1_166' title='bbox 496 2349 539 2382; x_wconf 90' lang='lat' dir='ltr'>nec</span> <span class='ocrx_word' id='word_1_167' title='bbox 550 2335 624 2382; x_wconf 81' lang='lat' dir='ltr'>nubes</span> <span class='ocrx_word' id='word_1_168' title='bbox 636 2347 690 2382; x_wconf 89' lang='lat' dir='ltr'>ante</span> <span class='ocrx_word' id='word_1_169' title='bbox 698 2333 816 2391; x_wconf 80' lang='lat' dir='ltr'>removit,</span> 
     </span>
     <span class='ocr_line' id='line_1_23' title="bbox 203 2409 965 2482; baseline -0.003 -22"><span class='ocrx_word' id='word_1_170' title='bbox 203 2410 287 2471; x_wconf 73' lang='lat' dir='ltr'>Quam</span> <span class='ocrx_word' id='word_1_171' title='bbox 299 2411 421 2460; x_wconf 78' lang='lat' dir='ltr'>simulavit</span> <span class='ocrx_word' id='word_1_172' title='bbox 432 2429 503 2460; x_wconf 90' lang='lat' dir='ltr'>anum</span> <span class='ocrx_word' id='word_1_173' title='bbox 514 2444 522 2467; x_wconf 88' lang='lat'>‚</span> <span class='ocrx_word' id='word_1_174' title='bbox 536 2413 662 2476; x_wconf 83' lang='lat' dir='ltr'>posuitque</span> <span class='ocrx_word' id='word_1_175' title='bbox 670 2409 700 2460; x_wconf 88' lang='lat' dir='ltr'>ad</span> <span class='ocrx_word' id='word_1_176' title='bbox 712 2425 819 2475; x_wconf 89' lang='lat' dir='ltr'>tempora</span> <span class='ocrx_word' id='word_1_177' title='bbox 829 2423 900 2457; x_wconf 82' lang='lat' dir='ltr'>canos</span> <span class='ocrx_word' id='word_1_178' title='bbox 910 2425 965 2482; x_wconf 68' lang='grc' dir='ltr'>ζης</span> 
     </span>
     <span class='ocr_line' id='line_1_24' title="bbox 190 2488 779 2554; baseline -0.005 -16"><span class='ocrx_word' id='word_1_179' title='bbox 190 2488 357 2554; x_wconf 78' lang='lat' dir='ltr'>&#39;Sulcavitque</span> <span class='ocrx_word' id='word_1_180' title='bbox 368 2504 447 2538; x_wconf 87' lang='lat' dir='ltr'>cutem</span> <span class='ocrx_word' id='word_1_181' title='bbox 458 2493 537 2553; x_wconf 84' lang='lat' dir='ltr'>rugis,</span> <span class='ocrx_word' id='word_1_182' title='bbox 550 2493 574 2538; x_wconf 85' lang='lat'>&amp;</span> <span class='ocrx_word' id='word_1_183' title='bbox 585 2493 657 2538; x_wconf 78' lang='lat' dir='ltr'>&#39;curva</span> <span class='ocrx_word' id='word_1_184' title='bbox 669 2490 779 2538; x_wconf 87' lang='lat' dir='ltr'>trementi</span> 
     </span>
     <span class='ocr_line' id='line_1_25' title="bbox 202 2563 950 2634; baseline -0.004 -18"><span class='ocrx_word' id='word_1_185' title='bbox 202 2567 316 2616; x_wconf 87' lang='lat' dir='ltr'>Membra</span> <span class='ocrx_word' id='word_1_186' title='bbox 331 2568 387 2616; x_wconf 89' lang='lat' dir='ltr'>tulit</span> <span class='ocrx_word' id='word_1_187' title='bbox 404 2563 468 2632; x_wconf 82' lang='lat' dir='ltr'>passu</span> <span class='ocrx_word' id='word_1_188' title='bbox 480 2587 486 2616; x_wconf 88' lang='lat' dir='ltr'>t</span> <span class='ocrx_word' id='word_1_189' title='bbox 499 2584 583 2616; x_wconf 85' lang='lat' dir='ltr'>vocem</span> <span class='ocrx_word' id='word_1_190' title='bbox 595 2585 691 2634; x_wconf 89' lang='lat' dir='ltr'>qunque</span> <span class='ocrx_word' id='word_1_191' title='bbox 701 2567 759 2615; x_wconf 85' lang='lat' dir='ltr'>feeit</span> <span class='ocrx_word' id='word_1_192' title='bbox 768 2565 857 2615; x_wconf 87' lang='lat' dir='ltr'>anilem</span> <span class='ocrx_word' id='word_1_193' title='bbox 869 2583 875 2612; x_wconf 84' lang='lat' dir='ltr'>r</span> <span class='ocrx_word' id='word_1_194' title='bbox 942 2577 950 2587; x_wconf 85' lang='grc'><em>·</em></span> 
     </span>
     <span class='ocr_line' id='line_1_26' title="bbox 202 2634 810 2710; baseline -0.003 -16"><span class='ocrx_word' id='word_1_195' title='bbox 202 2643 305 2710; x_wconf 88' lang='lat' dir='ltr'>Ipsaque</span> <span class='ocrx_word' id='word_1_196' title='bbox 317 2643 343 2694; x_wconf 85' lang='lat' dir='ltr'>fit</span> <span class='ocrx_word' id='word_1_197' title='bbox 358 2645 451 2704; x_wconf 85' lang='lat' dir='ltr'>Bero&#39;e&#39;,</span> <span class='ocrx_word' id='word_1_198' title='bbox 467 2646 568 2694; x_wconf 83' lang='lat' dir='ltr'>Semeles</span> <span class='ocrx_word' id='word_1_199' title='bbox 582 2634 708 2710; x_wconf 83' lang='lat' dir='ltr'>Epidauria</span> <span class='ocrx_word' id='word_1_200' title='bbox 722 2648 810 2694; x_wconf 82' lang='lat' dir='ltr'>nutrix.</span> 
     </span>
     <span class='ocr_line' id='line_1_27' title="bbox 201 2720 854 2788; baseline 0.002 -18"><span class='ocrx_word' id='word_1_201' title='bbox 201 2721 269 2787; x_wconf 83' lang='lat' dir='ltr'>Ergo</span> <span class='ocrx_word' id='word_1_202' title='bbox 287 2724 350 2781; x_wconf 90' lang='lat' dir='ltr'>ubi,</span> <span class='ocrx_word' id='word_1_203' title='bbox 366 2737 460 2787; x_wconf 85' lang='lat' dir='ltr'>captato</span> <span class='ocrx_word' id='word_1_204' title='bbox 472 2725 595 2781; x_wconf 86' lang='lat' dir='ltr'>sermone,</span> <span class='ocrx_word' id='word_1_205' title='bbox 614 2721 701 2788; x_wconf 89' lang='lat' dir='ltr'>diuque</span> <span class='ocrx_word' id='word_1_206' title='bbox 716 2720 854 2787; x_wconf 89' lang='lat' dir='ltr'>loquendo,</span> 
     </span>
     <span class='ocr_line' id='line_1_28' title="bbox 202 2787 969 2865; baseline -0.003 -16"><span class='ocrx_word' id='word_1_207' title='bbox 202 2798 242 2849; x_wconf 77' lang='lat' dir='ltr'>Ad</span> <span class='ocrx_word' id='word_1_208' title='bbox 255 2815 345 2849; x_wconf 89' lang='lat' dir='ltr'>nomen</span> <span class='ocrx_word' id='word_1_209' title='bbox 359 2817 443 2849; x_wconf 89' lang='lat' dir='ltr'>venere</span> <span class='ocrx_word' id='word_1_210' title='bbox 456 2801 520 2850; x_wconf 78' lang='lat' dir='ltr'>louis</span> <span class='ocrx_word' id='word_1_211' title='bbox 530 2817 537 2859; x_wconf 78' lang='lat'>3</span> <span class='ocrx_word' id='word_1_212' title='bbox 549 2801 649 2865; x_wconf 88' lang='lat' dir='ltr'>suspirat</span> <span class='ocrx_word' id='word_1_213' title='bbox 660 2819 667 2848; x_wconf 73' lang='grc' dir='ltr'><strong><em>ε</em></strong></span> <span class='ocrx_word' id='word_1_214' title='bbox 679 2805 720 2859; x_wconf 73' lang='lat' dir='ltr'>ot,</span> <span class='ocrx_word' id='word_1_215' title='bbox 732 2801 822 2864; x_wconf 87' lang='lat' dir='ltr'>Optem</span> <span class='ocrx_word' id='word_1_216' title='bbox 922 2787 969 2836; x_wconf 73' lang='lat'>²⁸0</span> 
     </span>
     <span class='ocr_line' id='line_1_29' title="bbox 201 2876 850 2942; baseline 0.002 -17"><span class='ocrx_word' id='word_1_217' title='bbox 201 2877 311 2942; x_wconf 77' lang='lat' dir='ltr'>iuppiter</span> <span class='ocrx_word' id='word_1_218' title='bbox 329 2892 355 2926; x_wconf 88' lang='lat' dir='ltr'>ut</span> <span class='ocrx_word' id='word_1_219' title='bbox 368 2881 398 2926; x_wconf 78' lang='lat' dir='ltr'>sit</span> <span class='ocrx_word' id='word_1_220' title='bbox 409 2914 416 2937; x_wconf 95' lang='lat'>,</span> <span class='ocrx_word' id='word_1_221' title='bbox 428 2882 475 2930; x_wconf 90' lang='lat' dir='ltr'>ait:</span> <span class='ocrx_word' id='word_1_222' title='bbox 485 2894 566 2928; x_wconf 85' lang='lat' dir='ltr'>metuo</span> <span class='ocrx_word' id='word_1_223' title='bbox 577 2895 657 2928; x_wconf 85' lang='lat' dir='ltr'>tamen</span> <span class='ocrx_word' id='word_1_224' title='bbox 668 2882 751 2928; x_wconf 86' lang='lat' dir='ltr'>omnia</span> <span class='ocrx_word' id='word_1_225' title='bbox 763 2876 850 2927; x_wconf 71' lang='lat' dir='ltr'>amulri</span> 
     </span>
     <span class='ocr_line' id='line_1_30' title="bbox 202 2955 790 3022; baseline -0.002 -17"><span class='ocrx_word' id='word_1_226' title='bbox 202 2955 312 3005; x_wconf 89' lang='lat' dir='ltr'>Nomine</span> <span class='ocrx_word' id='word_1_227' title='bbox 323 2956 442 3006; x_wconf 88' lang='lat' dir='ltr'>Divorum</span> <span class='ocrx_word' id='word_1_228' title='bbox 455 2957 571 3006; x_wconf 85' lang='lat' dir='ltr'>thalamos</span> <span class='ocrx_word' id='word_1_229' title='bbox 581 2959 670 3006; x_wconf 90' lang='lat' dir='ltr'>subiere</span> <span class='ocrx_word' id='word_1_230' title='bbox 681 2956 790 3022; x_wconf 85' lang='lat' dir='ltr'>pudicos.</span> 
     </span>
     <span class='ocr_line' id='line_1_31' title="bbox 202 3031 862 3102; baseline 0 -20"><span class='ocrx_word' id='word_1_231' title='bbox 202 3031 256 3082; x_wconf 89' lang='lat' dir='ltr'>Nec</span> <span class='ocrx_word' id='word_1_232' title='bbox 269 3048 350 3082; x_wconf 89' lang='lat' dir='ltr'>tamen</span> <span class='ocrx_word' id='word_1_233' title='bbox 366 3031 411 3082; x_wconf 81' lang='lat' dir='ltr'>esl&#39;e</span> <span class='ocrx_word' id='word_1_234' title='bbox 420 3035 484 3084; x_wconf 82' lang='lat' dir='ltr'>lovis</span> <span class='ocrx_word' id='word_1_235' title='bbox 494 3035 547 3084; x_wconf 89' lang='lat' dir='ltr'>saris</span> <span class='ocrx_word' id='word_1_236' title='bbox 558 3037 591 3085; x_wconf 88' lang='lat' dir='ltr'>est</span> <span class='ocrx_word' id='word_1_237' title='bbox 599 3055 605 3084; x_wconf 75' lang='grc' dir='ltr'>ι</span> <span class='ocrx_word' id='word_1_238' title='bbox 613 3035 655 3085; x_wconf 91' lang='lat' dir='ltr'>det</span> <span class='ocrx_word' id='word_1_239' title='bbox 663 3039 748 3102; x_wconf 85' lang='lat' dir='ltr'>pignus</span> <span class='ocrx_word' id='word_1_240' title='bbox 758 3037 862 3095; x_wconf 74' lang='lat' dir='ltr'>nnoris,</span> 
     </span>
     <span class='ocr_line' id='line_1_32' title="bbox 202 3109 888 3179; baseline 0.003 -19"><span class='ocrx_word' id='word_1_241' title='bbox 202 3113 228 3160; x_wconf 87' lang='lat' dir='ltr'>Si</span> <span class='ocrx_word' id='word_1_242' title='bbox 246 3109 323 3160; x_wconf 77' lang='lat' dir='ltr'>modo</span> <span class='ocrx_word' id='word_1_243' title='bbox 336 3129 402 3162; x_wconf 80' lang='lat' dir='ltr'>verus</span> <span class='ocrx_word' id='word_1_244' title='bbox 417 3116 436 3161; x_wconf 88' lang='lat' dir='ltr'>is</span> <span class='ocrx_word' id='word_1_245' title='bbox 447 3113 479 3162; x_wconf 92' lang='lat' dir='ltr'>est</span> <span class='ocrx_word' id='word_1_246' title='bbox 491 3131 497 3160; x_wconf 76' lang='lat' dir='ltr'>r</span> <span class='ocrx_word' id='word_1_247' title='bbox 508 3129 655 3179; x_wconf 86' lang='lat' dir='ltr'>quantusque</span> <span class='ocrx_word' id='word_1_248' title='bbox 668 3113 779 3178; x_wconf 86' lang='lat' dir='ltr'>&amp;qualis</span> <span class='ocrx_word' id='word_1_249' title='bbox 794 3114 823 3162; x_wconf 91' lang='lat' dir='ltr'>ab</span> <span class='ocrx_word' id='word_1_250' title='bbox 839 3112 888 3163; x_wconf 89' lang='lat' dir='ltr'>alta</span> 
     </span>
     <span class='ocr_line' id='line_1_33' title="bbox 201 3188 966 3261; baseline 0.013 -25"><span class='ocrx_word' id='word_1_251' title='bbox 201 3188 298 3237; x_wconf 78' lang='lat' dir='ltr'>Iunone</span> <span class='ocrx_word' id='word_1_252' title='bbox 316 3194 445 3255; x_wconf 84' lang='lat' dir='ltr'>excipitur,</span> <span class='ocrx_word' id='word_1_253' title='bbox 457 3207 535 3240; x_wconf 81' lang='lat' dir='ltr'>tantus</span> <span class='ocrx_word' id='word_1_254' title='bbox 546 3192 646 3257; x_wconf 84' lang='lat' dir='ltr'>talisque</span> <span class='ocrx_word' id='word_1_255' title='bbox 657 3206 741 3256; x_wconf 91' lang='lat' dir='ltr'>rogato</span> <span class='ocrx_word' id='word_1_256' title='bbox 922 3196 966 3261; x_wconf 77' lang='lat'>285</span> 
     </span>
     <span class='ocr_line' id='line_1_34' title="bbox 199 3265 854 3342; baseline 0.006 -27"><span class='ocrx_word' id='word_1_257' title='bbox 199 3265 255 3316; x_wconf 88' lang='lat' dir='ltr'>Det</span> <span class='ocrx_word' id='word_1_258' title='bbox 269 3267 313 3318; x_wconf 89' lang='lat' dir='ltr'>tibi</span> <span class='ocrx_word' id='word_1_259' title='bbox 324 3269 462 3335; x_wconf 82' lang='lat' dir='ltr'>complexus</span> <span class='ocrx_word' id='word_1_260' title='bbox 472 3273 574 3342; x_wconf 83' lang='lat' dir='ltr'>:suaque</span> <span class='ocrx_word' id='word_1_261' title='bbox 588 3285 642 3322; x_wconf 86' lang='lat' dir='ltr'>ante</span> <span class='ocrx_word' id='word_1_262' title='bbox 653 3273 754 3336; x_wconf 81' lang='lat' dir='ltr'>inslgnia</span> <span class='ocrx_word' id='word_1_263' title='bbox 767 3273 854 3321; x_wconf 80' lang='lat' dir='ltr'>sumat.</span> 
     </span>
    </p>
   </div>
   <div class='ocr_carea' id='block_1_5' title="bbox 0 0 1177 4150">
    <p class='ocr_par' dir='ltr' id='par_1_13' title="bbox 0 0 1177 4150">
     <span class='ocr_line' id='line_1_35' title="bbox 0 0 1177 4150; baseline 0 0"><span class='ocrx_word' id='word_1_264' title='bbox 0 0 1177 4150; x_wconf 95' lang='lat' dir='ltr'> </span> 
     </span>
    </p>
   </div>
  </div>
 </body>
</html>
