2334 4150
248 520 315 579 126
391 512 436 581 P.
457 515 821 587 ovrnrrNasours

197 632 346 698 ¹9⁰Hospita
356 647 383 684 tu
395 638 463 685 terrie
474 653 552 696 errae,
569 653 632 702 ego,
648 637 728 702 dixit,
743 643 769 690 in
780 639 867 703 undtep

244 712 428 780 instabilemque
439 715 521 765 locum
529 714 606 791 Deleta
616 714 693 766 dedit.
706 718 751 768 llla
762 717 857 768 duobus

243 791 313 840 faeti
323 808 406 856 parens
417 811 424 841 a
436 795 495 859 uteri
507 808 560 857 pars
574 793 607 842 est
618 793 668 844 hac
683 797 783 860 septima
797 797 880 846 nostri.

244 867 302 916 Sum
314 868 370 916 felix
382 888 388 918 r
401 873 454 938 quis
463 873 528 920 euim
538 887 610 937 neget
620 873 685 924 hoci
702 873 807 940 felixque
821 875 938 928 manebo·

243 945 298 994 Hoc
308 963 404 1014 quoque
415 952 468 1013 quie
481 946 593 999 dubitet?
610 965 688 1004 tutam
698 969 737 1000 me
748 955 818 1018 copia
829 953 897 1002 fecit.

198 1023 323 1088 125Major
335 1025 406 1084 sum,
424 1024 500 1091 qudrn
510 1030 549 1076 cui
558 1031 634 1092 possit
646 1029 750 1079 Fortuna
760 1047 855 1081 nocere.

242 1101 370 1167 Multaque
383 1118 410 1152 ut
423 1107 525 1169 eripiat,
538 1105 619 1155 multo
633 1110 693 1160 mihi
705 1107 773 1173 plura
785 1109 915 1179 relinquet.

241 1175 363 1228 Excessere
374 1197 467 1234 metum
480 1199 533 1255 mea
544 1188 595 1248 jam
606 1186 679 1236 bona.
695 1187 788 1250 Fingite
804 1185 870 1240 demi

242 1255 305 1304 Huic
315 1257 408 1323 aliquid
422 1257 639 1325 populo'natotum
652 1261 717 1332 posse
732 1280 860 1324 meorum

242 1333 301 1382 Non
313 1351 393 1386 tamen
403 1335 434 1413 ad
444 1354 572 1390 numerum
583 1339 675 1406 redigat
686 1341 788 1406 spoliata
798 1339 904 1396 duorum

196 1413 342 1464 zootatonae
354 1434 360 1463 z
374 1415 444 1466 turba
454 1434 504 1482 quo
513 1434 631 1486 quantum
643 1418 713 1470 distat
723 1420 753 1468 ab
765 1404 843 1469 orba?

243 1491 279 1540 ite
290 1494 359 1541 saeris
370 1512 376 1542 z
388 1510 512 1559 properate
523 1498 593 1546 sacris
604 1515 611 1556 ·,
627 1497 768 1564 laurumque
780 1497 875 1563 capillis

243 1571 339 1625 Ponite.
352 1573 502 1639 Deponunt,
520 1576 654 1642 insessaque
664 1579 728 1628 sacra
739 1577 879 1645 relinquunt
892 1595 899 1624 r

245 1649 366 1718 Quodque
377 1652 451 1713 licet,
467 1657 542 1703 tacito
552 1670 694 1705 venerantur
705 1669 827 1704 murmure
837 1670 941 1707 numen·

245 1728 372 1794 Indignata
381 1731 433 1780 Dea
444 1732 476 1779 est
486 1750 493 1780 a
505 1734 648 1802 summoque
658 1735 683 1781 in
694 1736 782 1782 vertice
793 1731 889 1794 Cynthi
902 1795 903 1800 1

199 1806 344 1855 205Talibus
354 1808 386 1857 est
396 1806 463 1857 dietis
474 1809 571 1873 gemini
582 1826 638 1858 curn
649 1809 716 1872 prole
728 1809 818 1857 locuta.

245 1885 282 1934 En
293 1901 337 1949 ego
346 1885 421 1937 vestra
431 1903 531 1950 parens,
547 1888 616 1936 vobis
628 1887 734 1937 animosa
745 1887 847 1944 creatis,

244 1964 276 2017 Et
287 1967 332 2012 nisi
346 1963 433 2012 Iunoni
446 1999 453 2023 ‚
471 1963 533 2012 nulli
547 1961 637 2012 cessura
648 1963 774 2022 Beatum,

245 2042 283 2091 An
295 2041 347 2091 Dea
356 2045 401 2091 sim
413 2078 421 2101 ‚
438 2039 536 2095 dubitor
548 2061 554 2091 ι
566 2058 653 2113 perque
665 2043 747 2098 omnia
758 2038 836 2091 secula
847 2038 920 2090 cultis

246 2121 354 2180 Arceor,
374 2120 389 2168 ὃ
402 2121 408 2169 l
423 2124 491 2177 nati,
509 2124 553 2171 niti
565 2138 609 2171 vos
620 2122 754 2170 succurritis
767 2154 776 2181 ,
792 2122 848 2175 atis.

199 2187 298 2252 zroNec
309 2198 380 2249 dolor
391 2201 430 2250 hic
441 2199 514 2248 solus.
527 2199 589 2249 Diro
601 2202 709 2253 convicia
720 2198 785 2249 fasso
850 2234 858 2260 χ

246 2277 354 2326 Tantalis
364 2276 451 2341 adjecit
462 2296 468 2325 t
480 2295 570 2343 vosque
581 2278 613 2327 est
623 2278 764 2343 postponere
774 2277 836 2325 natis

245 2356 307 2403 Ausa
317 2357 380 2403 suis:
394 2358 419 2404 &
430 2373 486 2414 ure,
501 2353 568 2420 quod
578 2359 604 2404 in
616 2358 690 2419 ipsam
704 2352 794 2403 recidat
807 2387 816 2413 ‚
831 2352 919 2407 orbam

245 2431 314 2480 Dixit
324 2450 332 2489 ς
345 2436 369 2480 δι
380 2434 487 2481 exhibuit
498 2432 606 2495 linguam
618 2431 731 2480 scelerata
743 2446 876 2495 paternam.

247 2508 372 2575 Adjestura
382 2526 461 2574 preces
473 2524 522 2558 erat
533 2511 569 2557 his
581 2510 674 2557 Latona
684 2509 781 2567 relatis;

201 2588 335 2648 215Deeine
346 2623 353 2648 ‚
365 2589 467 2635 Phoebus
479 2590 530 2646 ait,
540 2603 618 2651 poenae
629 2603 697 2635 mota
708 2587 799 2651 longa,
811 2585 927 2652 querelae.

218 2693 222 2699 ·
246 2666 316 2721 Dixit
327 2664 392 2716 idem
404 2666 492 2715 Phoebe
504 2684 510 2714 t
524 2665 642 2731 celerique
654 2682 695 2731 pet
706 2670 759 2713 a'e'ta
770 2664 837 2729 lapsu

247 2744 409 2810 Contigerant
419 2746 474 2793 teni
488 2741 626 2794 Cadmeida
636 2744 739 2793 nubibus
750 2732 838 2792 arcem.

248 2823 335 2873 Planus
347 2838 410 2878 etat,
423 2821 518 2888 lateque
527 2837 609 2886 patens
621 2838 694 2886 prope
704 2824 795 2869 moenia
805 2834 920 2883 campus,

250 2900 355 2950 desiduis
365 2900 470 2965 pulsatus
481 2903 546 2966 equis
558 2918 566 2959 3
579 2901 620 2949 ubi
632 2901 700 2949 turba
711 2913 835 2955 totarum,

200 2979 364 3045 210Duraque
373 2978 512 3043 mollierant-
520 2980 632 3043 subjectas
644 2976 732 3041 ungula
742 2974 840 3040 glebasa

250 3059 305 3106 Pars
319 3061 353 3105 ibi
367 3055 396 3105 de
411 3058 501 3121 septem
515 3060 600 3121 genitis
612 3056 745 3117 Amphione
757 3055 829 3109 sortes

250 3132 425 3184 Conscendunt
434 3137 459 3182 in
471 3151 562 3200 equos,
576 3133 698 3197 Tyrioque
710 3130 817 3178 rubentia
828 3126 885 3175 fuco

251 3211 328 3281 Terga
337 3228 467 3285 premunt;
483 3227 588 3285 auroque
599 3225 680 3282 graves
690 3200 845 3263 moderamur
856 3206 969 3263 habeam

1009 1025 1013 1036 ,
1093 855 1100 1030 i
