<?xml version="1.0" encoding="UTF-8"?>
<!DOCTYPE html PUBLIC "-//W3C//DTD XHTML 1.0 Transitional//EN"
    "http://www.w3.org/TR/xhtml1/DTD/xhtml1-transitional.dtd">
<html xmlns="http://www.w3.org/1999/xhtml" xml:lang="en" lang="en">
 <head>
  <title>
</title>
<meta http-equiv="Content-Type" content="text/html;charset=utf-8" />
  <meta name='ocr-system' content='tesseract 3.04.00' />
  <meta name='ocr-capabilities' content='ocr_page ocr_carea ocr_par ocr_line ocrx_word'/>
</head>
<body>
  <div class='ocr_page' id='page_1' title='image "./povidiinasoniso04ovidgoog_0099.png"; bbox 0 0 2334 4150; ppageno 0'>
   <div class='ocr_carea' id='block_1_1' title="bbox 235 534 905 638">
    <p class='ocr_par' dir='ltr' id='par_1_1' title="bbox 235 534 905 638">
     <span class='ocr_line' id='line_1_1' title="bbox 235 534 905 638; baseline -0.003 -17"><span class='ocrx_word' id='word_1_1' title='bbox 235 553 667 621; x_wconf 76' lang='lat' dir='ltr'>MnrAuonruosrou</span> <span class='ocrx_word' id='word_1_2' title='bbox 694 544 734 616; x_wconf 78' lang='lat' dir='ltr'>t.</span> <span class='ocrx_word' id='word_1_3' title='bbox 761 534 828 618; x_wconf 81' lang='lat' dir='ltr'>J&#39;V.</span> <span class='ocrx_word' id='word_1_4' title='bbox 860 554 905 638; x_wconf 77' lang='lat'>87</span> 
     </span>
    </p>
   </div>
   <div class='ocr_carea' id='block_1_2' title="bbox 184 668 956 894">
    <p class='ocr_par' dir='ltr' id='par_1_2' title="bbox 184 668 956 894">
     <span class='ocr_line' id='line_1_2' title="bbox 184 668 956 741; baseline -0.008 -15"><span class='ocrx_word' id='word_1_5' title='bbox 184 673 254 741; x_wconf 83' lang='lat' dir='ltr'>Ergo</span> <span class='ocrx_word' id='word_1_6' title='bbox 265 674 307 722; x_wconf 90' lang='lat' dir='ltr'>ubi</span> <span class='ocrx_word' id='word_1_7' title='bbox 319 674 341 720; x_wconf 90' lang='lat' dir='ltr'>se</span> <span class='ocrx_word' id='word_1_8' title='bbox 353 670 474 737; x_wconf 84' lang='lat' dir='ltr'>liquidas,</span> <span class='ocrx_word' id='word_1_9' title='bbox 486 668 583 737; x_wconf 74' lang='lat' dir='ltr'>quovit</span> <span class='ocrx_word' id='word_1_10' title='bbox 593 668 748 721; x_wconf 78' lang='lat' dir='ltr'>descenderat</span> <span class='ocrx_word' id='word_1_11' title='bbox 758 706 766 729; x_wconf 92' lang='lat'>,</span> <span class='ocrx_word' id='word_1_12' title='bbox 778 671 852 721; x_wconf 82' lang='lat' dir='ltr'>undas</span> <span class='ocrx_word' id='word_1_13' title='bbox 910 670 956 733; x_wconf 78' lang='lat'>380</span> 
     </span>
     <span class='ocr_line' id='line_1_3' title="bbox 184 746 790 815; baseline -0.012 -11"><span class='ocrx_word' id='word_1_14' title='bbox 184 756 346 804; x_wconf 83' lang='lat' dir='ltr'>Semimarem</span> <span class='ocrx_word' id='word_1_15' title='bbox 359 746 439 799; x_wconf 81' lang='lat' dir='ltr'>fecisse</span> <span class='ocrx_word' id='word_1_16' title='bbox 449 748 533 803; x_wconf 82' lang='lat' dir='ltr'>videt.</span> <span class='ocrx_word' id='word_1_17' title='bbox 550 749 694 815; x_wconf 81' lang='lat' dir='ltr'>mollitaque</span> <span class='ocrx_word' id='word_1_18' title='bbox 705 749 790 799; x_wconf 87' lang='lat' dir='ltr'>inillis</span> 
     </span>
     <span class='ocr_line' id='line_1_4' title="bbox 187 820 879 894; baseline -0.009 -11"><span class='ocrx_word' id='word_1_19' title='bbox 187 833 303 883; x_wconf 84' lang='lat' dir='ltr'>Membra</span> <span class='ocrx_word' id='word_1_20' title='bbox 314 844 416 888; x_wconf 65' lang='lat' dir='ltr'>tmanus</span> <span class='ocrx_word' id='word_1_21' title='bbox 426 820 542 888; x_wconf 75' lang='lat' dir='ltr'>tendens,</span> <span class='ocrx_word' id='word_1_22' title='bbox 555 826 595 877; x_wconf 92' lang='lat' dir='ltr'>sed</span> <span class='ocrx_word' id='word_1_23' title='bbox 607 833 655 894; x_wconf 81' lang='lat' dir='ltr'>jam</span> <span class='ocrx_word' id='word_1_24' title='bbox 665 845 715 877; x_wconf 92' lang='lat' dir='ltr'>non</span> <span class='ocrx_word' id='word_1_25' title='bbox 727 845 787 880; x_wconf 88' lang='lat' dir='ltr'>voce</span> <span class='ocrx_word' id='word_1_26' title='bbox 797 828 879 891; x_wconf 85' lang='lat' dir='ltr'>virili,</span> 
     </span>
    </p>
   </div>
   <div class='ocr_carea' id='block_1_3' title="bbox 187 905 956 1364">
    <p class='ocr_par' dir='ltr' id='par_1_3' title="bbox 187 905 836 976">
     <span class='ocr_line' id='line_1_5' title="bbox 187 905 836 976; baseline -0.008 -14"><span class='ocrx_word' id='word_1_27' title='bbox 187 908 408 976; x_wconf 81' lang='lat' dir='ltr'>Hermaphroditus</span> <span class='ocrx_word' id='word_1_28' title='bbox 421 911 456 961; x_wconf 86' lang='lat' dir='ltr'>ait</span> <span class='ocrx_word' id='word_1_29' title='bbox 467 942 474 967; x_wconf 91' lang='lat'>‚</span> <span class='ocrx_word' id='word_1_30' title='bbox 492 908 557 958; x_wconf 85' lang='lat' dir='ltr'>Nato</span> <span class='ocrx_word' id='word_1_31' title='bbox 568 905 623 965; x_wconf 78' lang='lat' dir='ltr'>date</span> <span class='ocrx_word' id='word_1_32' title='bbox 633 924 731 958; x_wconf 84' lang='lat' dir='ltr'>munera</span> <span class='ocrx_word' id='word_1_33' title='bbox 741 908 836 970; x_wconf 80' lang='lat' dir='ltr'>vestro,</span> 
     </span>
    </p>

    <p class='ocr_par' dir='ltr' id='par_1_4' title="bbox 187 988 956 1197">
     <span class='ocr_line' id='line_1_6' title="bbox 187 988 835 1054; baseline -0.003 -15"><span class='ocrx_word' id='word_1_34' title='bbox 187 989 221 1039; x_wconf 85' lang='lat' dir='ltr'>Et</span> <span class='ocrx_word' id='word_1_35' title='bbox 230 1004 299 1054; x_wconf 84' lang='lat' dir='ltr'>patet</span> <span class='ocrx_word' id='word_1_36' title='bbox 311 992 336 1037; x_wconf 83' lang='lat'>&amp;</span> <span class='ocrx_word' id='word_1_37' title='bbox 349 990 468 1053; x_wconf 81' lang='lat' dir='ltr'>genitrix,</span> <span class='ocrx_word' id='word_1_38' title='bbox 480 988 607 1037; x_wconf 86' lang='lat' dir='ltr'>amborum</span> <span class='ocrx_word' id='word_1_39' title='bbox 617 1004 707 1037; x_wconf 86' lang='lat' dir='ltr'>nomen</span> <span class='ocrx_word' id='word_1_40' title='bbox 717 989 814 1037; x_wconf 87' lang='lat' dir='ltr'>habenti</span> <span class='ocrx_word' id='word_1_41' title='bbox 825 1005 835 1049; x_wconf 78' lang='lat'>3</span> 
     </span>
     <span class='ocr_line' id='line_1_7' title="bbox 188 1055 956 1134; baseline 0 -17"><span class='ocrx_word' id='word_1_42' title='bbox 188 1068 307 1134; x_wconf 81' lang='lat' dir='ltr'>Quisquis</span> <span class='ocrx_word' id='word_1_43' title='bbox 317 1069 343 1116; x_wconf 90' lang='lat' dir='ltr'>in</span> <span class='ocrx_word' id='word_1_44' title='bbox 356 1069 400 1116; x_wconf 87' lang='lat' dir='ltr'>hos</span> <span class='ocrx_word' id='word_1_45' title='bbox 410 1066 489 1115; x_wconf 87' lang='lat' dir='ltr'>fontes</span> <span class='ocrx_word' id='word_1_46' title='bbox 499 1069 535 1115; x_wconf 86' lang='lat' dir='ltr'>vir</span> <span class='ocrx_word' id='word_1_47' title='bbox 545 1069 655 1125; x_wconf 87' lang='lat' dir='ltr'>venerit,</span> <span class='ocrx_word' id='word_1_48' title='bbox 666 1081 734 1115; x_wconf 81' lang='lat' dir='ltr'>exeat</span> <span class='ocrx_word' id='word_1_49' title='bbox 743 1063 800 1117; x_wconf 84' lang='lat' dir='ltr'>inde</span> <span class='ocrx_word' id='word_1_50' title='bbox 912 1055 956 1122; x_wconf 72' lang='lat'>3⁸5</span> 
     </span>
     <span class='ocr_line' id='line_1_8' title="bbox 188 1142 780 1197; baseline -0.007 0"><span class='ocrx_word' id='word_1_51' title='bbox 188 1149 294 1197; x_wconf 86' lang='lat' dir='ltr'>Semivir</span> <span class='ocrx_word' id='word_1_52' title='bbox 306 1164 312 1194; x_wconf 80' lang='lat' dir='ltr'>r</span> <span class='ocrx_word' id='word_1_53' title='bbox 325 1150 350 1195; x_wconf 81' lang='grc' dir='ltr'>δι</span> <span class='ocrx_word' id='word_1_54' title='bbox 362 1147 428 1195; x_wconf 69' lang='lat' dir='ltr'>tastis</span> <span class='ocrx_word' id='word_1_55' title='bbox 439 1143 517 1195; x_wconf 82' lang='lat' dir='ltr'>subitd</span> <span class='ocrx_word' id='word_1_56' title='bbox 529 1144 655 1195; x_wconf 81' lang='lat' dir='ltr'>mollescat</span> <span class='ocrx_word' id='word_1_57' title='bbox 665 1148 690 1194; x_wconf 90' lang='lat' dir='ltr'>in</span> <span class='ocrx_word' id='word_1_58' title='bbox 701 1142 780 1194; x_wconf 86' lang='lat' dir='ltr'>undis.</span> 
     </span>
    </p>

    <p class='ocr_par' dir='ltr' id='par_1_5' title="bbox 189 1223 789 1291">
     <span class='ocr_line' id='line_1_9' title="bbox 189 1223 789 1291; baseline -0.005 -16"><span class='ocrx_word' id='word_1_59' title='bbox 189 1225 276 1275; x_wconf 89' lang='lat' dir='ltr'>Motus</span> <span class='ocrx_word' id='word_1_60' title='bbox 288 1240 387 1291; x_wconf 87' lang='lat' dir='ltr'>uterque</span> <span class='ocrx_word' id='word_1_61' title='bbox 397 1240 480 1290; x_wconf 84' lang='lat' dir='ltr'>parens</span> <span class='ocrx_word' id='word_1_62' title='bbox 490 1227 540 1273; x_wconf 87' lang='lat' dir='ltr'>nari</span> <span class='ocrx_word' id='word_1_63' title='bbox 550 1240 603 1275; x_wconf 84' lang='lat' dir='ltr'>rata</span> <span class='ocrx_word' id='word_1_64' title='bbox 611 1239 669 1275; x_wconf 86' lang='lat' dir='ltr'>vota</span> <span class='ocrx_word' id='word_1_65' title='bbox 679 1223 789 1273; x_wconf 88' lang='lat' dir='ltr'>biformis</span> 
     </span>
    </p>

    <p class='ocr_par' dir='ltr' id='par_1_6' title="bbox 190 1300 795 1364">
     <span class='ocr_line' id='line_1_10' title="bbox 190 1300 795 1364; baseline -0.002 -11"><span class='ocrx_word' id='word_1_66' title='bbox 190 1302 260 1353; x_wconf 76' lang='lat' dir='ltr'>Fecit</span> <span class='ocrx_word' id='word_1_67' title='bbox 272 1337 280 1364; x_wconf 91' lang='lat'>,</span> <span class='ocrx_word' id='word_1_68' title='bbox 301 1308 325 1352; x_wconf 73' lang='grc' dir='ltr'>δι</span> <span class='ocrx_word' id='word_1_69' title='bbox 336 1305 429 1352; x_wconf 89' lang='lat' dir='ltr'>incerto</span> <span class='ocrx_word' id='word_1_70' title='bbox 440 1302 533 1353; x_wconf 86' lang='lat' dir='ltr'>fontem</span> <span class='ocrx_word' id='word_1_71' title='bbox 544 1300 704 1353; x_wconf 86' lang='lat' dir='ltr'>medicamine</span> <span class='ocrx_word' id='word_1_72' title='bbox 714 1304 795 1352; x_wconf 82' lang='lat' dir='ltr'>tinxit.</span> 
     </span>
    </p>
   </div>
   <div class='ocr_carea' id='block_1_4' title="bbox 190 1447 998 3332">
    <p class='ocr_par' dir='ltr' id='par_1_7' title="bbox 190 1447 998 3332">
     <span class='ocr_line' id='line_1_11' title="bbox 224 1447 785 1515; baseline -0.002 -17"><span class='ocrx_word' id='word_1_73' title='bbox 224 1450 245 1498; x_wconf 86' lang='lat' dir='ltr'>F</span> <span class='ocrx_word' id='word_1_74' title='bbox 245 1452 291 1499; x_wconf 85' lang='lat' dir='ltr'>inis</span> <span class='ocrx_word' id='word_1_75' title='bbox 302 1464 352 1500; x_wconf 87' lang='lat' dir='ltr'>erar</span> <span class='ocrx_word' id='word_1_76' title='bbox 362 1447 446 1509; x_wconf 73' lang='lat' dir='ltr'>didis3</span> <span class='ocrx_word' id='word_1_77' title='bbox 463 1454 488 1499; x_wconf 81' lang='grc' dir='ltr'>δι</span> <span class='ocrx_word' id='word_1_78' title='bbox 498 1448 576 1499; x_wconf 89' lang='lat' dir='ltr'>adhuc</span> <span class='ocrx_word' id='word_1_79' title='bbox 587 1449 697 1512; x_wconf 79' lang='lat' dir='ltr'>Minyeia</span> <span class='ocrx_word' id='word_1_80' title='bbox 708 1448 785 1515; x_wconf 88' lang='lat' dir='ltr'>proles</span> 
     </span>
     <span class='ocr_line' id='line_1_12' title="bbox 190 1526 961 1595; baseline 0.006 -19"><span class='ocrx_word' id='word_1_81' title='bbox 190 1526 271 1593; x_wconf 88' lang='lat' dir='ltr'>Urget</span> <span class='ocrx_word' id='word_1_82' title='bbox 280 1545 357 1593; x_wconf 88' lang='lat' dir='ltr'>opus,</span> <span class='ocrx_word' id='word_1_83' title='bbox 371 1530 505 1595; x_wconf 78' lang='lat' dir='ltr'>spernitque</span> <span class='ocrx_word' id='word_1_84' title='bbox 515 1529 597 1577; x_wconf 88' lang='lat' dir='ltr'>Deum</span> <span class='ocrx_word' id='word_1_85' title='bbox 609 1562 618 1588; x_wconf 87' lang='lat'>,</span> <span class='ocrx_word' id='word_1_86' title='bbox 637 1527 769 1592; x_wconf 83' lang='lat' dir='ltr'>festumque</span> <span class='ocrx_word' id='word_1_87' title='bbox 779 1526 890 1592; x_wconf 79' lang='lat' dir='ltr'>profanat</span> <span class='ocrx_word' id='word_1_88' title='bbox 901 1541 922 1587; x_wconf 76' lang='lat'>33</span> <span class='ocrx_word' id='word_1_89' title='bbox 929 1538 961 1581; x_wconf 80' lang='lat'>90</span> 
     </span>
     <span class='ocr_line' id='line_1_13' title="bbox 191 1605 771 1672; baseline -0.002 -17"><span class='ocrx_word' id='word_1_90' title='bbox 191 1606 322 1672; x_wconf 83' lang='lat' dir='ltr'>Tympana</span> <span class='ocrx_word' id='word_1_91' title='bbox 333 1605 389 1656; x_wconf 74' lang='lat' dir='ltr'>culm</span> <span class='ocrx_word' id='word_1_92' title='bbox 400 1607 479 1669; x_wconf 76' lang='lat' dir='ltr'>subito</span> <span class='ocrx_word' id='word_1_93' title='bbox 489 1624 538 1657; x_wconf 86' lang='lat' dir='ltr'>non</span> <span class='ocrx_word' id='word_1_94' title='bbox 549 1610 686 1672; x_wconf 76' lang='lat' dir='ltr'>apparentia</span> <span class='ocrx_word' id='word_1_95' title='bbox 696 1610 771 1654; x_wconf 85' lang='lat' dir='ltr'>raucit</span> 
     </span>
     <span class='ocr_line' id='line_1_14' title="bbox 191 1685 763 1755; baseline -0.002 -22"><span class='ocrx_word' id='word_1_96' title='bbox 191 1685 351 1755; x_wconf 79' lang='lat' dir='ltr'>Obstrepuere</span> <span class='ocrx_word' id='word_1_97' title='bbox 363 1688 424 1734; x_wconf 84' lang='lat' dir='ltr'>sonis</span> <span class='ocrx_word' id='word_1_98' title='bbox 437 1704 443 1733; x_wconf 91' lang='lat'><strong>:</strong></span> <span class='ocrx_word' id='word_1_99' title='bbox 457 1685 588 1738; x_wconf 84' lang='lat' dir='ltr'>&amp;adunco</span> <span class='ocrx_word' id='word_1_100' title='bbox 600 1687 660 1734; x_wconf 92' lang='lat' dir='ltr'>tibia</span> <span class='ocrx_word' id='word_1_101' title='bbox 671 1700 763 1744; x_wconf 90' lang='lat' dir='ltr'>cornu,</span> 
     </span>
     <span class='ocr_line' id='line_1_15' title="bbox 193 1762 911 1829; baseline 0.001 -19"><span class='ocrx_word' id='word_1_102' title='bbox 193 1762 317 1829; x_wconf 82' lang='lat' dir='ltr'>Tinnulaq</span> <span class='ocrx_word' id='word_1_103' title='bbox 327 1780 334 1821; x_wconf 80' lang='lat'>¹,</span> <span class='ocrx_word' id='word_1_104' title='bbox 345 1780 390 1812; x_wconf 85' lang='lat' dir='ltr'>aera</span> <span class='ocrx_word' id='word_1_105' title='bbox 400 1766 493 1813; x_wconf 89' lang='lat' dir='ltr'>sonant.</span> <span class='ocrx_word' id='word_1_106' title='bbox 506 1762 627 1814; x_wconf 88' lang='lat' dir='ltr'>Redolent</span> <span class='ocrx_word' id='word_1_107' title='bbox 636 1767 772 1829; x_wconf 79' lang='lat' dir='ltr'>myrrbaeq;</span> <span class='ocrx_word' id='word_1_108' title='bbox 783 1764 895 1829; x_wconf 89' lang='lat' dir='ltr'>crocique</span> <span class='ocrx_word' id='word_1_109' title='bbox 904 1780 911 1811; x_wconf 83' lang='lat' dir='ltr'>t</span> 
     </span>
     <span class='ocr_line' id='line_1_16' title="bbox 194 1839 765 1909; baseline 0.005 -21"><span class='ocrx_word' id='word_1_110' title='bbox 194 1840 289 1906; x_wconf 81' lang='lat' dir='ltr'>Resque</span> <span class='ocrx_word' id='word_1_111' title='bbox 301 1839 348 1890; x_wconf 89' lang='lat' dir='ltr'>fide</span> <span class='ocrx_word' id='word_1_112' title='bbox 359 1845 453 1907; x_wconf 85' lang='lat' dir='ltr'>major,</span> <span class='ocrx_word' id='word_1_113' title='bbox 466 1860 558 1909; x_wconf 69' lang='lat' dir='ltr'>corpere</span> <span class='ocrx_word' id='word_1_114' title='bbox 568 1845 682 1906; x_wconf 78' lang='lat' dir='ltr'>virescere</span> <span class='ocrx_word' id='word_1_115' title='bbox 693 1841 746 1891; x_wconf 85' lang='lat' dir='ltr'>telae</span> <span class='ocrx_word' id='word_1_116' title='bbox 757 1878 765 1901; x_wconf 89' lang='lat'>‚</span> 
     </span>
     <span class='ocr_line' id='line_1_17' title="bbox 193 1918 957 1987; baseline 0.008 -22"><span class='ocrx_word' id='word_1_117' title='bbox 193 1918 271 1983; x_wconf 89' lang='lat' dir='ltr'>inque</span> <span class='ocrx_word' id='word_1_118' title='bbox 282 1918 376 1968; x_wconf 82' lang='lat' dir='ltr'>hederae</span> <span class='ocrx_word' id='word_1_119' title='bbox 385 1919 471 1971; x_wconf 83' lang='lat' dir='ltr'>faciem</span> <span class='ocrx_word' id='word_1_120' title='bbox 482 1921 585 1987; x_wconf 82' lang='lat' dir='ltr'>pendens</span> <span class='ocrx_word' id='word_1_121' title='bbox 597 1918 746 1971; x_wconf 83' lang='lat' dir='ltr'>frondescere</span> <span class='ocrx_word' id='word_1_122' title='bbox 755 1922 832 1970; x_wconf 82' lang='lat' dir='ltr'>veliis.</span> <span class='ocrx_word' id='word_1_123' title='bbox 914 1929 957 1976; x_wconf 75' lang='lat'>395</span> 
     </span>
     <span class='ocr_line' id='line_1_18' title="bbox 193 1999 802 2068; baseline 0.003 -21"><span class='ocrx_word' id='word_1_124' title='bbox 193 1999 252 2048; x_wconf 81' lang='lat' dir='ltr'>Pars</span> <span class='ocrx_word' id='word_1_125' title='bbox 264 1999 315 2048; x_wconf 86' lang='lat' dir='ltr'>abit</span> <span class='ocrx_word' id='word_1_126' title='bbox 324 2002 350 2047; x_wconf 92' lang='lat' dir='ltr'>in</span> <span class='ocrx_word' id='word_1_127' title='bbox 360 2003 421 2056; x_wconf 82' lang='lat' dir='ltr'>vites</span> <span class='ocrx_word' id='word_1_128' title='bbox 433 2018 440 2049; x_wconf 77' lang='grc' dir='ltr'><strong><em>ι</em></strong></span> <span class='ocrx_word' id='word_1_129' title='bbox 452 2005 476 2049; x_wconf 88' lang='lat'>&amp;</span> <span class='ocrx_word' id='word_1_130' title='bbox 487 2018 541 2068; x_wconf 65' lang='lat' dir='ltr'>quse</span> <span class='ocrx_word' id='word_1_131' title='bbox 552 2000 630 2051; x_wconf 75' lang='lat' dir='ltr'>modo</span> <span class='ocrx_word' id='word_1_132' title='bbox 639 2000 680 2050; x_wconf 88' lang='lat' dir='ltr'>fila</span> <span class='ocrx_word' id='word_1_133' title='bbox 689 2002 802 2059; x_wconf 83' lang='lat' dir='ltr'>suerunt,</span> 
     </span>
     <span class='ocr_line' id='line_1_19' title="bbox 194 2079 815 2146; baseline 0.002 -20"><span class='ocrx_word' id='word_1_134' title='bbox 194 2079 299 2128; x_wconf 81' lang='lat' dir='ltr'>Palmite</span> <span class='ocrx_word' id='word_1_135' title='bbox 311 2095 433 2130; x_wconf 86' lang='lat' dir='ltr'>mutantur</span> <span class='ocrx_word' id='word_1_136' title='bbox 444 2099 450 2128; x_wconf 74' lang='grc' dir='ltr'><strong>ε</strong></span> <span class='ocrx_word' id='word_1_137' title='bbox 463 2079 494 2130; x_wconf 90' lang='lat' dir='ltr'>de</span> <span class='ocrx_word' id='word_1_138' title='bbox 504 2081 602 2131; x_wconf 84' lang='lat' dir='ltr'>stamine</span> <span class='ocrx_word' id='word_1_139' title='bbox 613 2083 738 2146; x_wconf 82' lang='lat' dir='ltr'>pampinus</span> <span class='ocrx_word' id='word_1_140' title='bbox 748 2082 815 2137; x_wconf 77' lang='lat' dir='ltr'>exit5</span> 
     </span>
     <span class='ocr_line' id='line_1_20' title="bbox 194 2156 766 2224; baseline 0.002 -19"><span class='ocrx_word' id='word_1_141' title='bbox 194 2157 304 2221; x_wconf 81' lang='lat' dir='ltr'>Purpura</span> <span class='ocrx_word' id='word_1_142' title='bbox 314 2157 433 2223; x_wconf 84' lang='lat' dir='ltr'>fulgorem</span> <span class='ocrx_word' id='word_1_143' title='bbox 445 2161 511 2224; x_wconf 69' lang='lat' dir='ltr'>pislis</span> <span class='ocrx_word' id='word_1_144' title='bbox 525 2156 695 2208; x_wconf 79' lang='lat' dir='ltr'>accommodat</span> <span class='ocrx_word' id='word_1_145' title='bbox 706 2161 766 2207; x_wconf 81' lang='lat' dir='ltr'>uvis.</span> 
     </span>
     <span class='ocr_line' id='line_1_21' title="bbox 193 2234 815 2304; baseline 0.003 -21"><span class='ocrx_word' id='word_1_146' title='bbox 193 2234 299 2300; x_wconf 84' lang='lat' dir='ltr'>Jamque</span> <span class='ocrx_word' id='word_1_147' title='bbox 308 2234 357 2285; x_wconf 87' lang='lat' dir='ltr'>dies</span> <span class='ocrx_word' id='word_1_148' title='bbox 368 2241 459 2286; x_wconf 70' lang='lat' dir='ltr'>erarius</span> <span class='ocrx_word' id='word_1_149' title='bbox 471 2252 537 2300; x_wconf 84' lang='lat' dir='ltr'>erat,</span> <span class='ocrx_word' id='word_1_150' title='bbox 550 2253 694 2304; x_wconf 80' lang='lat' dir='ltr'>tempusque</span> <span class='ocrx_word' id='word_1_151' title='bbox 705 2238 815 2296; x_wconf 75' lang='lat' dir='ltr'>subibat,</span> 
     </span>
     <span class='ocr_line' id='line_1_22' title="bbox 195 2311 962 2382; baseline 0.009 -21"><span class='ocrx_word' id='word_1_152' title='bbox 195 2311 272 2372; x_wconf 89' lang='lat' dir='ltr'>Quod</span> <span class='ocrx_word' id='word_1_153' title='bbox 283 2328 308 2362; x_wconf 92' lang='lat' dir='ltr'>tu</span> <span class='ocrx_word' id='word_1_154' title='bbox 320 2331 363 2364; x_wconf 89' lang='lat' dir='ltr'>nec</span> <span class='ocrx_word' id='word_1_155' title='bbox 375 2317 498 2376; x_wconf 80' lang='lat' dir='ltr'>tenebras,</span> <span class='ocrx_word' id='word_1_156' title='bbox 510 2333 553 2366; x_wconf 89' lang='lat' dir='ltr'>nec</span> <span class='ocrx_word' id='word_1_157' title='bbox 564 2321 639 2382; x_wconf 85' lang='lat' dir='ltr'>possis</span> <span class='ocrx_word' id='word_1_158' title='bbox 650 2317 727 2369; x_wconf 86' lang='lat' dir='ltr'>dicere</span> <span class='ocrx_word' id='word_1_159' title='bbox 739 2317 816 2366; x_wconf 84' lang='lat' dir='ltr'>luceru</span> <span class='ocrx_word' id='word_1_160' title='bbox 823 2331 845 2373; x_wconf 80' lang='lat'>3·</span> <span class='ocrx_word' id='word_1_161' title='bbox 875 2315 880 2324; x_wconf 87' lang='grc'><strong>’</strong></span> <span class='ocrx_word' id='word_1_162' title='bbox 913 2335 962 2380; x_wconf 88' lang='lat' dir='ltr'>4oo</span> 
     </span>
     <span class='ocr_line' id='line_1_23' title="bbox 195 2388 766 2446; baseline 0.012 -9"><span class='ocrx_word' id='word_1_163' title='bbox 195 2388 246 2438; x_wconf 85' lang='lat' dir='ltr'>Sed</span> <span class='ocrx_word' id='word_1_164' title='bbox 257 2407 312 2440; x_wconf 90' lang='lat' dir='ltr'>cum</span> <span class='ocrx_word' id='word_1_165' title='bbox 322 2392 375 2442; x_wconf 88' lang='lat' dir='ltr'>luce</span> <span class='ocrx_word' id='word_1_166' title='bbox 387 2408 467 2444; x_wconf 84' lang='lat' dir='ltr'>tamen</span> <span class='ocrx_word' id='word_1_167' title='bbox 478 2393 557 2444; x_wconf 82' lang='lat' dir='ltr'>dubiae</span> <span class='ocrx_word' id='word_1_168' title='bbox 567 2395 671 2446; x_wconf 82' lang='lat' dir='ltr'>confinia</span> <span class='ocrx_word' id='word_1_169' title='bbox 682 2397 766 2446; x_wconf 68' lang='lat' dir='ltr'>nodis.</span> 
     </span>
     <span class='ocr_line' id='line_1_24' title="bbox 196 2468 856 2541; baseline 0.006 -24"><span class='ocrx_word' id='word_1_170' title='bbox 196 2468 273 2518; x_wconf 69' lang='lat' dir='ltr'>Testa</span> <span class='ocrx_word' id='word_1_171' title='bbox 283 2486 379 2536; x_wconf 85' lang='lat' dir='ltr'>repente</span> <span class='ocrx_word' id='word_1_172' title='bbox 389 2475 455 2538; x_wconf 88' lang='lat' dir='ltr'>quati</span> <span class='ocrx_word' id='word_1_173' title='bbox 466 2507 475 2527; x_wconf 92' lang='lat'><em>‚</em></span> <span class='ocrx_word' id='word_1_174' title='bbox 494 2477 640 2541; x_wconf 80' lang='lat' dir='ltr'>pinguesque</span> <span class='ocrx_word' id='word_1_175' title='bbox 651 2473 732 2524; x_wconf 82' lang='lat' dir='ltr'>ardere</span> <span class='ocrx_word' id='word_1_176' title='bbox 743 2470 856 2523; x_wconf 82' lang='lat' dir='ltr'>videntur</span> 
     </span>
     <span class='ocr_line' id='line_1_25' title="bbox 196 2547 806 2618; baseline 0.005 -21"><span class='ocrx_word' id='word_1_177' title='bbox 196 2547 332 2614; x_wconf 82' lang='lat' dir='ltr'>Lampades</span> <span class='ocrx_word' id='word_1_178' title='bbox 344 2585 352 2610; x_wconf 92' lang='lat'>,</span> <span class='ocrx_word' id='word_1_179' title='bbox 369 2554 394 2600; x_wconf 84' lang='lat'>&amp;</span> <span class='ocrx_word' id='word_1_180' title='bbox 406 2551 482 2600; x_wconf 89' lang='lat' dir='ltr'>rutilis</span> <span class='ocrx_word' id='word_1_181' title='bbox 494 2553 612 2603; x_wconf 86' lang='lat' dir='ltr'>collucere</span> <span class='ocrx_word' id='word_1_182' title='bbox 622 2556 716 2618; x_wconf 88' lang='lat' dir='ltr'>ignibus</span> <span class='ocrx_word' id='word_1_183' title='bbox 726 2551 806 2611; x_wconf 78' lang='lat' dir='ltr'>aedes;</span> 
     </span>
     <span class='ocr_line' id='line_1_26' title="bbox 196 2627 798 2696; baseline 0.002 -20"><span class='ocrx_word' id='word_1_184' title='bbox 196 2627 314 2696; x_wconf 74' lang='lat' dir='ltr'>Falsaque</span> <span class='ocrx_word' id='word_1_185' title='bbox 325 2632 438 2679; x_wconf 69' lang='lat' dir='ltr'>savarum</span> <span class='ocrx_word' id='word_1_186' title='bbox 450 2631 575 2680; x_wconf 84' lang='lat' dir='ltr'>simulacra</span> <span class='ocrx_word' id='word_1_187' title='bbox 585 2631 676 2683; x_wconf 82' lang='lat' dir='ltr'>ululare</span> <span class='ocrx_word' id='word_1_188' title='bbox 687 2631 798 2681; x_wconf 87' lang='lat' dir='ltr'>fetatum.</span> 
     </span>
     <span class='ocr_line' id='line_1_27' title="bbox 196 2706 960 2776; baseline -0.001 -22"><span class='ocrx_word' id='word_1_189' title='bbox 196 2706 301 2758; x_wconf 86' lang='lat' dir='ltr'>Fumida</span> <span class='ocrx_word' id='word_1_190' title='bbox 310 2713 358 2774; x_wconf 80' lang='lat' dir='ltr'>jam</span> <span class='ocrx_word' id='word_1_191' title='bbox 370 2707 462 2758; x_wconf 88' lang='lat' dir='ltr'>dudum</span> <span class='ocrx_word' id='word_1_192' title='bbox 473 2709 567 2758; x_wconf 85' lang='lat' dir='ltr'>latitant</span> <span class='ocrx_word' id='word_1_193' title='bbox 579 2727 619 2776; x_wconf 90' lang='lat' dir='ltr'>per</span> <span class='ocrx_word' id='word_1_194' title='bbox 631 2712 691 2758; x_wconf 74' lang='lat' dir='ltr'>testa</span> <span class='ocrx_word' id='word_1_195' title='bbox 701 2710 790 2757; x_wconf 86' lang='lat' dir='ltr'>sorores</span> <span class='ocrx_word' id='word_1_196' title='bbox 802 2725 810 2766; x_wconf 81' lang='lat'>3</span> <span class='ocrx_word' id='word_1_197' title='bbox 915 2721 960 2768; x_wconf 79' lang='lat'>405</span> 
     </span>
     <span class='ocr_line' id='line_1_28' title="bbox 196 2785 735 2854; baseline 0.006 -21"><span class='ocrx_word' id='word_1_198' title='bbox 196 2785 352 2854; x_wconf 69' lang='lat' dir='ltr'>Diversaeque</span> <span class='ocrx_word' id='word_1_199' title='bbox 363 2788 421 2838; x_wconf 89' lang='lat' dir='ltr'>locis</span> <span class='ocrx_word' id='word_1_200' title='bbox 432 2791 498 2852; x_wconf 87' lang='lat' dir='ltr'>ignes</span> <span class='ocrx_word' id='word_1_201' title='bbox 510 2805 537 2838; x_wconf 87' lang='lat' dir='ltr'>ac</span> <span class='ocrx_word' id='word_1_202' title='bbox 548 2788 639 2838; x_wconf 87' lang='lat' dir='ltr'>lumina</span> <span class='ocrx_word' id='word_1_203' title='bbox 648 2790 735 2837; x_wconf 83' lang='lat' dir='ltr'>vitant.</span> 
     </span>
     <span class='ocr_line' id='line_1_29' title="bbox 195 2863 915 2932; baseline -0.004 -19"><span class='ocrx_word' id='word_1_204' title='bbox 195 2863 314 2930; x_wconf 86' lang='lat' dir='ltr'>Dumque</span> <span class='ocrx_word' id='word_1_205' title='bbox 325 2881 409 2930; x_wconf 86' lang='lat' dir='ltr'>petunt</span> <span class='ocrx_word' id='word_1_206' title='bbox 422 2866 539 2927; x_wconf 87' lang='lat' dir='ltr'>latebras,</span> <span class='ocrx_word' id='word_1_207' title='bbox 553 2883 637 2932; x_wconf 85' lang='lat' dir='ltr'>parvos</span> <span class='ocrx_word' id='word_1_208' title='bbox 651 2865 788 2914; x_wconf 85' lang='lat' dir='ltr'>membrana</span> <span class='ocrx_word' id='word_1_209' title='bbox 798 2879 840 2930; x_wconf 89' lang='lat' dir='ltr'>pet</span> <span class='ocrx_word' id='word_1_210' title='bbox 852 2877 915 2911; x_wconf 87' lang='lat' dir='ltr'>artus</span> 
     </span>
     <span class='ocr_line' id='line_1_30' title="bbox 197 2942 784 3010; baseline 0.003 -20"><span class='ocrx_word' id='word_1_211' title='bbox 197 2942 332 3008; x_wconf 86' lang='lat' dir='ltr'>Porrigitur</span> <span class='ocrx_word' id='word_1_212' title='bbox 343 2979 351 3004; x_wconf 92' lang='lat'>,</span> <span class='ocrx_word' id='word_1_213' title='bbox 366 2947 478 3010; x_wconf 85' lang='lat' dir='ltr'>tenuique</span> <span class='ocrx_word' id='word_1_214' title='bbox 488 2943 581 2994; x_wconf 90' lang='lat' dir='ltr'>inducit</span> <span class='ocrx_word' id='word_1_215' title='bbox 591 2946 687 2996; x_wconf 87' lang='lat' dir='ltr'>brachia</span> <span class='ocrx_word' id='word_1_216' title='bbox 698 2942 784 3010; x_wconf 71' lang='lat' dir='ltr'>penui.</span> 
     </span>
     <span class='ocr_line' id='line_1_31' title="bbox 197 3019 794 3090; baseline 0.005 -20"><span class='ocrx_word' id='word_1_217' title='bbox 197 3022 252 3071; x_wconf 86' lang='lat' dir='ltr'>Nec</span> <span class='ocrx_word' id='word_1_218' title='bbox 263 3021 312 3088; x_wconf 78' lang='lat' dir='ltr'>qui</span> <span class='ocrx_word' id='word_1_219' title='bbox 322 3019 468 3088; x_wconf 89' lang='lat' dir='ltr'>perdiderint</span> <span class='ocrx_word' id='word_1_220' title='bbox 478 3040 581 3074; x_wconf 86' lang='lat' dir='ltr'>veterem</span> <span class='ocrx_word' id='word_1_221' title='bbox 593 3027 684 3074; x_wconf 84' lang='lat' dir='ltr'>ratione</span> <span class='ocrx_word' id='word_1_222' title='bbox 694 3022 794 3090; x_wconf 78' lang='lat' dir='ltr'>figuram</span> 
     </span>
     <span class='ocr_line' id='line_1_32' title="bbox 197 3096 998 3170; baseline 0 -20"><span class='ocrx_word' id='word_1_223' title='bbox 197 3101 265 3151; x_wconf 84' lang='lat' dir='ltr'>Scire</span> <span class='ocrx_word' id='word_1_224' title='bbox 276 3104 356 3152; x_wconf 87' lang='lat' dir='ltr'>sinunt</span> <span class='ocrx_word' id='word_1_225' title='bbox 368 3103 469 3151; x_wconf 84' lang='lat' dir='ltr'>tenebrae</span> <span class='ocrx_word' id='word_1_226' title='bbox 481 3122 486 3151; x_wconf 80' lang='lat' dir='ltr'>t</span> <span class='ocrx_word' id='word_1_227' title='bbox 498 3120 547 3152; x_wconf 90' lang='lat' dir='ltr'>non</span> <span class='ocrx_word' id='word_1_228' title='bbox 557 3105 610 3152; x_wconf 80' lang='lat' dir='ltr'>illas</span> <span class='ocrx_word' id='word_1_229' title='bbox 619 3096 701 3170; x_wconf 87' lang='lat' dir='ltr'>pluma</span> <span class='ocrx_word' id='word_1_230' title='bbox 712 3103 800 3150; x_wconf 80' lang='lat' dir='ltr'>levavit</span> <span class='ocrx_word' id='word_1_231' title='bbox 807 3117 816 3159; x_wconf 80' lang='lat'>3</span> <span class='ocrx_word' id='word_1_232' title='bbox 917 3107 964 3150; x_wconf 80' lang='lat'>410</span> <span class='ocrx_word' id='word_1_233' title='bbox 995 3112 998 3118; x_wconf 93' lang='lat'>&#39;</span> 
     </span>
     <span class='ocr_line' id='line_1_33' title="bbox 197 3179 706 3247; baseline 0.002 -19"><span class='ocrx_word' id='word_1_234' title='bbox 197 3179 333 3230; x_wconf 85' lang='lat' dir='ltr'>Sustinuere</span> <span class='ocrx_word' id='word_1_235' title='bbox 344 3197 425 3231; x_wconf 86' lang='lat' dir='ltr'>tamen</span> <span class='ocrx_word' id='word_1_236' title='bbox 438 3185 460 3230; x_wconf 90' lang='lat' dir='ltr'>se</span> <span class='ocrx_word' id='word_1_237' title='bbox 469 3182 645 3247; x_wconf 85' lang='lat' dir='ltr'>perlucentibus</span> <span class='ocrx_word' id='word_1_238' title='bbox 654 3182 706 3230; x_wconf 87' lang='lat' dir='ltr'>alis.</span> 
     </span>
     <span class='ocr_line' id='line_1_34' title="bbox 197 3255 949 3332; baseline 0 -24"><span class='ocrx_word' id='word_1_239' title='bbox 197 3255 351 3327; x_wconf 78' lang='lat' dir='ltr'>Conataeque</span> <span class='ocrx_word' id='word_1_240' title='bbox 360 3260 429 3328; x_wconf 89' lang='lat' dir='ltr'>loqui</span> <span class='ocrx_word' id='word_1_241' title='bbox 435 3294 445 3323; x_wconf 89' lang='lat'>,</span> <span class='ocrx_word' id='word_1_242' title='bbox 457 3263 585 3311; x_wconf 84' lang='lat' dir='ltr'>minimam</span> <span class='ocrx_word' id='word_1_243' title='bbox 592 3277 637 3329; x_wconf 89' lang='lat' dir='ltr'>pro</span> <span class='ocrx_word' id='word_1_244' title='bbox 647 3275 746 3328; x_wconf 88' lang='lat' dir='ltr'>corpore</span> <span class='ocrx_word' id='word_1_245' title='bbox 756 3275 842 3313; x_wconf 80' lang='lat' dir='ltr'>vocem</span> <span class='ocrx_word' id='word_1_246' title='bbox 852 3315 854 3332; x_wconf 33' lang='grc' dir='ltr'><strong>μ</strong></span> <span class='ocrx_word' id='word_1_247' title='bbox 946 3283 949 3288; x_wconf 96' lang='grc'>-</span> 
     </span>
    </p>
   </div>
   <div class='ocr_carea' id='block_1_5' title="bbox 0 0 1189 4150">
    <p class='ocr_par' dir='ltr' id='par_1_8' title="bbox 0 0 1189 4150">
     <span class='ocr_line' id='line_1_35' title="bbox 0 0 1189 4150; baseline 0 0"><span class='ocrx_word' id='word_1_248' title='bbox 0 0 1189 4150; x_wconf 95' lang='lat' dir='ltr'> </span> 
     </span>
    </p>
   </div>
  </div>
 </body>
</html>
