2334 4150
282 537 349 595 116
424 529 467 596 P.
494 530 650 596 Ournrr
665 532 857 596 anrours

278 648 400 713 Ingemuit
416 652 495 713 regina
509 649 598 709 Erebi,
614 650 743 715 testemque
758 650 884 714 profanam
972 685 975 692 ,
1052 703 1055 710 f

278 725 345 774 Fecit
351 743 418 776 avem
427 728 591 792 :sparsumque
602 742 673 790 capnt
684 725 881 790 Phlegethontide
894 719 996 790 lymphd

232 802 307 856 545111
326 803 441 858 rostrum,
454 807 479 850 &
492 803 597 867 plumas,
613 807 637 852 &
650 803 747 868 grandia
762 805 853 853 lumina
862 807 943 854 vertit·

279 879 323 927 llle
333 881 377 926 sibi
394 878 485 928 ablatus
499 880 571 930 fulvis
581 884 692 929 amicitur
702 883 731 930 ab
742 880 784 930 alis
793 898 803 940 3

278 958 352 1021 Inque
362 972 433 1021 caput
448 961 547 1017 crescit,
566 959 700 1024 longosque
710 957 837 1010 reflectitur
847 963 938 1024 ungues
948 993 957 1022 ,

278 1035 371 1099 Vixque
388 1051 471 1084 movet
488 1051 554 1084 natas
568 1053 609 1100 per
621 1038 706 1085 inertia
718 1038 813 1086 brachia
823 1053 927 1101 prunoet

278 1110 398 1176 Poedaqne
410 1112 440 1162 fit
449 1114 573 1169 volucris,
593 1119 687 1164 venturi
702 1119 788 1162 nuncia
802 1114 895 1175 lucinis,

231 1198 243 1246 5
249 1189 379 1253 solgnavus
394 1191 476 1245 bubo,
486 1190 566 1240 dirum
576 1192 717 1241 mortalibus
730 1208 811 1240 omen.

311 1349 356 1397 Hic
371 1359 451 1399 tamen
468 1348 559 1400 indicio
571 1367 668 1416 poenam
679 1350 808 1418 linguique
820 1345 897 1402 videri

278 1425 455 1478 Commeruisse
469 1429 545 1494 potest
556 1431 659 1488 euobis,
673 1427 833 1484 Acheloides,
847 1427 910 1478 unde
924 1417 928 1430 ⁴

279 1504 365 1554 Pluma
382 1503 499 1570 pedesque
515 1509 596 1554 avium
605 1506 680 1576 ‚crim
690 1510 788 1570 virginis
799 1523 840 1556 ora
852 1508 938 1570 geratis
949 1511 960 1558 ἓ

282 1586 319 1630 An
330 1585 401 1647 quia,
413 1583 469 1632 etim
483 1585 571 1648 legeret
584 1601 669 1634 vernos
682 1587 819 1648 Proserpina
830 1583 913 1642 flores,

234 1660 308 1708 555111
319 1665 437 1710 comitum
447 1679 548 1711 numero
560 1666 658 1720 mixtae,
671 1665 777 1715 Sirenes,
790 1664 874 1710 eratis?

280 1739 359 1798 Quam
375 1740 427 1801 post
443 1738 517 1802 quim
529 1754 582 1786 toto
597 1738 679 1786 frulira
694 1737 805 1802 quesistis
815 1740 840 1784 in
850 1739 907 1786 orbe
915 1753 924 1796 ς

279 1816 399 1874 Protinus,
408 1831 434 1864 ut
449 1818 549 1863 velitarn
561 1817 673 1862 sentirent
688 1830 783 1878 aequora
794 1829 893 1873 curam,

279 1886 347 1940 Polie
364 1893 431 1956 super
452 1885 534 1947 lindius
555 1891 646 1940 alarunr
664 1892 765 1940 insistere
777 1895 847 1940 remis

279 1970 395 2034 Optastis:
407 1969 535 2034 facilesque
551 1969 616 2018 Deos
633 1971 763 2028 habuistis,
781 1973 884 2018 &artus

234 2045 377 2108 560Vidiliis
391 2047 482 2105 vestros,
493 2048 575 2097 subitis
590 2045 712 2097 flavescere
727 2050 818 2112 pennis.

281 2126 318 2174 Ne
330 2142 409 2183 tamen
428 2126 469 2173 ille
478 2143 576 2190 panor,
596 2123 733 2175 mulcendas
743 2141 812 2177 natus
830 2124 861 2175 ad
875 2143 959 2191 aures,

281 2205 405 2270 Tantaque
423 2202 469 2252 dos
486 2208 534 2251 oris
549 2204 635 2269 lingue
653 2201 791 2267 deperderet
808 2206 891 2263 usurus
932 2224 934 2227 ·

280 2280 388 2347 Virginei
398 2281 477 2333 vultus
488 2315 496 2336 ‚
508 2286 532 2332 bc
543 2298 592 2335 voit
606 2285 711 2333 humana
721 2286 842 2335 remansit.

312 2438 344 2485 At
354 2472 362 2496 ‚
374 2438 466 2487 medius
482 2438 607 2505 fratrisque
619 2441 653 2487 sui
667 2441 797 2505 melleque
809 2439 909 2501 sororis,

233 2513 419 2578 565Juppiterex
433 2533 502 2581 aequo
511 2517 650 2566 volventem
666 2516 753 2567 ‹livirlit
762 2532 863 2569 annum.

279 2593 350 2641 Nunc
366 2594 433 2649 Dea,
447 2610 575 2657 regnorum
593 2611 682 2645 numen
696 2612 825 2647 commune
836 2595 952 2653 duorum,

279 2670 344 2719 Cum
354 2671 468 2723 matreeli
475 2670 590 2729 totidem,
601 2671 704 2721 totidem
713 2689 769 2721 cum
779 2679 881 2740 conjuge
891 2677 992 2737 menses,

278 2749 386 2798 Vertitur
400 2748 520 2813 extemplo
531 2750 602 2799 saties
617 2754 642 2799 bc
654 2753 758 2810 mentis,
776 2756 799 2801 bt
811 2756 874 2809 ories

280 2827 343 2875 Nam
356 2863 363 2886 ,
379 2826 455 2877 modb
467 2844 519 2893 quae
531 2842 623 2891 poterat
639 2829 691 2877 Diti
705 2845 800 2893 quoque
812 2830 889 2877 masta
899 2828 974 2881 videri
981 2864 992 2892 ,

235 2914 245 2959 5
250 2904 346 2954 70Laeta
358 2905 416 2954 Deae
425 2905 491 2953 frons
501 2905 533 2953 eli
544 2924 551 2953 t
564 2919 591 2955 ut
602 2906 660 2963 Sol,
672 2908 713 2969 qui
725 2908 795 2953 tesius
809 2909 903 2969 aquosis

280 2982 389 3034 Nubibus
408 2998 461 3033 ante
480 2982 542 3041 fuit,
558 2985 625 3032 vitiis
636 2984 676 3031 ubi
686 2983 786 3031 nubibus
799 2984 854 3033 erit.

312 3140 392 3203 Exigit
402 3140 465 3194 alma
475 3140 547 3191 Ceres
557 3175 565 3198 ‚
577 3138 632 3189 nati
646 3142 724 3189 secura
734 3138 824 3203 reperti
836 3172 844 3196 ‚

282 3216 341 3276 Quae
360 3219 403 3267 tibi
422 3220 491 3277 quia
500 3222 558 3280 via,
570 3234 611 3269 eut
623 3220 671 3279 sis,
688 3218 815 3279 Arethusa,
827 3218 891 3273 lacet
903 3218 967 3279 sont.
