2334 4150
259 552 690 622 Mrrxnorrnossou
717 542 756 621 L
782 549 850 625 IV.
882 555 924 642 ες

204 676 275 737 Sed,
290 678 405 744 quoniam
417 678 488 725 tantis
499 674 576 727 fatum
588 675 714 726 comtibus
725 674 821 737 obstat,

205 759 310 810 Neitare
321 755 425 805 odorato
435 756 523 819 spargit
537 768 670 820 corpusque
680 754 813 821 locumque
825 771 834 813 ς
932 770 980 817 250

202 835 336 902 Multaque
346 832 488 900 praequestus
499 868 507 891 ‚
520 832 614 897 Tanges
626 847 706 884 tamen
716 836 806 884 aethera
813 869 822 896 ‚
836 831 906 884 dixit.

205 916 321 965 Protinus
335 915 456 961 imbutum
472 911 562 981 coelesti
579 914 670 961 nestate
686 929 772 977 corpus

206 994 338 1046 Delicuir.
355 1006 489 1055 terramque
504 990 547 1037 suo
562 986 691 1038 madefecit
704 988 798 1050 odore;

208 1072 353 1137 virgaque,
368 1086 409 1135 per
422 1068 502 1133 glebas
518 1068 603 1117 sensim
619 1066 736 1117 radicibus
747 1070 818 1125 auis,

209 1150 290 1201 Turta
301 1150 400 1199 surrexit
412 1181 420 1208 ,
436 1145 605 1213 tumulumque
617 1150 740 1197 cacumine
750 1150 826 1214 rupit.
930 1161 976 1211 ¹55

243 1306 276 1357 Ar
286 1305 388 1368 Clytien
399 1340 407 1365 ‚
420 1306 529 1372 quamvis
540 1320 609 1355 amor
619 1306 727 1355 excusare
739 1303 867 1366 dolorem,

208 1384 377 1450 Indiciumque
389 1381 460 1433 dolor
471 1399 581 1449 poterat,
594 1401 643 1434 non
656 1384 757 1450 amplius
768 1388 849 1434 audior
915 1445 920 1451 Ι

210 1465 281 1513 Lucis
292 1462 344 1512 adit
355 1482 362 1511 ι
373 1462 517 1528 Venerisque
529 1462 630 1511 modum
642 1466 686 1511 sibi
699 1464 756 1513 fecit
765 1468 791 1513 in
802 1463 855 1515 illa.

210 1542 303 1590 Tabuit
313 1558 341 1589 ex
351 1540 396 1590 illo
406 1576 413 1599 ‚
431 1538 555 1592 dementer
565 1544 685 1589 amoribus
697 1543 754 1601 usa,

209 1618 380 1683 Nympharum
390 1621 516 1683 impatiens
528 1636 536 1675 3
549 1622 574 1667 &
585 1620 628 1666 sub
638 1620 712 1678 Jove,
724 1620 792 1668 noble
802 1616 906 1686 dieque,
934 1643 980 1682 ²60

208 1696 278 1747 Sedit
290 1699 365 1745 humo
377 1694 460 1757 nudd,
477 1694 547 1745 nudis
560 1701 667 1746 incomta
678 1698 780 1763 capillis.

209 1776 303 1844 Perque
315 1792 403 1825 novem
415 1775 478 1824 luces
489 1810 497 1835 ,
509 1792 590 1840 expers
600 1774 717 1842 undaque
728 1778 842 1843 cibique,

212 1854 276 1903 Rore
288 1871 374 1912 mero,
387 1854 547 1919 lacrymisque
560 1855 605 1903 suis
616 1858 703 1921 jejunia
715 1858 799 1921 pavit3

212 1930 264 1981 Nec
276 1936 300 1982 se
310 1936 389 1983 movit
398 1936 483 1991 humo,
495 1932 601 1981 Tantrim
613 1934 730 1997 (pellabat
741 1936 818 1984 euntis

212 2010 261 2058 Ora
275 2012 321 2060 Dei
333 2030 339 2061 ε
350 2010 477 2078 vultusque
489 2012 541 2059 suos
554 2009 661 2061 flectebar
670 2011 700 2060 ad
712 2014 791 2064 illum.
935 2035 979 2088 ²⁶5

211 2087 326 2138 Membra
336 2089 416 2139 ferunt
425 2085 516 2140 haeslffe
528 2089 580 2139 solo
594 2109 600 2138 ε
614 2106 752 2157 partemque
764 2091 852 2142 coloris

211 2166 316 2218 Luridus
327 2171 452 2233 exsangues
464 2167 542 2232 pallor
552 2172 671 2218 convertit
681 2174 705 2218 in
716 2172 808 2219 herbas.

211 2244 254 2293 [st
267 2249 293 2292 in
304 2260 368 2309 parre
382 2248 454 2296 rubor
466 2265 471 2293 =
485 2246 603 2314 violaeque
614 2246 750 2297 simillimus
760 2266 803 2299 ora

212 2324 269 2373 Flos
281 2327 350 2388 tegit.
364 2323 407 2373 llla
417 2327 486 2373 suum
498 2359 506 2384 ‚
522 2328 630 2392 quamvis
642 2324 721 2375 radice
733 2342 844 2387 tenetur,

213 2403 322 2452 Vertitur
333 2401 363 2452 ad
374 2403 453 2452 Solem
464 2438 473 2464 ,
483 2419 622 2471 mutataque
635 2405 711 2457 servat
722 2423 840 2456 amorem.
936 2424 982 2467 ²70

245 2563 347 2614 Dixerat
359 2584 364 2614 :
379 2567 404 2614 δι
416 2563 504 2613 factum
516 2565 625 2615 mirabile
636 2571 730 2631 ceperat
741 2583 815 2615 aures.

212 2641 269 2692 Pars
283 2642 333 2691 fieri
345 2639 446 2707 potuiss'e
458 2659 545 2708 negant
558 2663 564 2692 ε
578 2661 630 2710 pars
643 2649 724 2694 omnia
734 2663 803 2694 veros
878 2688 881 2694 .

212 2719 284 2771 Posse
294 2719 352 2771 deos
363 2737 499 2770 memorant
511 2739 518 2780 3
535 2719 636 2771 sednon
648 2727 672 2771 a<
684 2724 788 2772 Bacchus
800 2726 824 2770 ln
836 2723 892 2772 illis.

212 2801 324 2849 Poscitur
337 2801 445 2850 Alcithoe
455 2835 463 2859 ‚
475 2800 527 2865 post
538 2799 613 2865 qudm
625 2799 709 2848 siluere
721 2802 827 2849 sorores:

212 2879 275 2940 Qua!
288 2877 359 2928 radiis
370 2879 450 2950 llantis
460 2895 596 2943 percurrens
606 2881 705 2929 stamina
717 2878 789 2940 relae,
937 2871 982 2916 ²75

212 2957 334 3022 Vulgatos
347 2974 435 3016 taceo,
452 2956 532 3018 dixit,
550 2959 647 3024 palloris
663 2975 755 3007 amores

211 3035 350 3101 Daphnidis
362 3033 435 3095 idaei,
453 3053 524 3102 quem
537 3035 650 3102 Nymphe
662 3036 753 3104 pellicis
765 3039 799 3085 ira

212 3112 331 3164 Contulit
340 3117 367 3163 in
377 3115 459 3164 saxum
471 3133 477 3163 ε
492 3130 571 3164 tantus
581 3113 653 3164 dolor
663 3118 711 3165 urir
721 3129 826 3164 amantes
836 3113 844 3164 l

244 3272 300 3325 Nec
312 3274 419 3342 loquor,
436 3289 464 3324 ut
474 3272 617 3342 quondam,
628 3291 717 3327 naturae
727 3279 777 3343 jure
788 3288 897 3336 novato,

763 3355 788 3404 D
806 3358 830 3419 vj
