2334 4150
263 487 693 567 Marnuonrnoraori
710 495 746 561 L.
770 495 812 562 V.
843 517 904 560 101

184 604 313 671 Palpitat,
326 611 351 656 δι
365 608 454 670 positas
463 607 566 669 aspergit
575 607 689 668 sanguine
700 603 801 650 mensas.
929 615 961 661 40

185 684 255 732 Turn
266 682 326 733 verb
336 680 467 731 indomitas
479 681 581 732 ardescit
591 681 676 744 vulgus
687 682 712 726 in
723 682 787 731 iras,

185 762 299 828 Telaque
311 763 462 825 conjiciunt:
475 765 499 810 &
511 763 565 810 sunt
574 795 581 819 ,
589 763 636 826 ¹qui
648 758 748 822 Cephea
759 753 843 804 dicant

129 836 133 845 '
184 837 255 888 Cum
265 854 356 903 genero
366 835 452 886 debere
463 841 535 889 mori.
548 835 594 886 Sed
605 836 688 885 limine
701 836 756 883 teili

184 915 286 966 Exierat
297 915 426 979 Cepheus,
442 915 539 964 testatus
550 918 632 979 jusque
643 947 651 972 ,
668 911 807 976 fidemque,

183 992 342 1057 Hospitiique
354 991 437 1050 Deos,
449 1007 493 1050 ea,
512 993 535 1038 se
547 991 706 1055 prohibente,
724 989 825 1036 moveri.

183 1068 280 1118 Bellica
292 1068 369 1116 Pallas
380 1067 443 1116 adest
454 1101 461 1126 ,
474 1071 499 1116 bt
511 1070 616 1132 protegit
628 1064 702 1131 aegide
714 1065 831 1122 fratrem,

185 1145 272 1210 Datq3
282 1147 385 1194 animos.
392 1144 447 1192 Erat
456 1142 526 1194 lndus
533 1145 600 1192 Athis
610 1179 617 1202 ,
626 1159 697 1208 quem
706 1141 819 1201 ,flumine
826 1139 911 1203 Gange

186 1222 280 1282 Edita,
296 1224 407 1272 Limnate
420 1225 501 1271 vitreis
516 1218 629 1287 peperisse
644 1223 686 1270 sub
700 1223 775 1270 antris

187 1298 322 1360 Creditur,
337 1303 444 1364 egregius
456 1299 536 1348 sormi
547 1319 553 1347 ε
566 1316 639 1365 quani
651 1297 725 1348 divite
737 1297 804 1348 cultu

186 1377 319 1440 Augebat,
338 1377 374 1424 bis
389 1374 466 1424 adbuc
479 1378 571 1424 odionis
584 1379 676 1440 integer
690 1378 775 1432 annis3

187 1453 291 1504 indutus
303 1453 457 1517 chlamydem
468 1456 567 1516 Tyriam
581 1488 589 1513 ,
608 1471 680 1520 quam
694 1454 781 1504 limbus
792 1451 876 1500 obibat

185 1532 279 1580 Aureus
293 1550 299 1579 e
313 1534 432 1580 ornabant
445 1546 527 1581 aurata
538 1531 639 1580 monilia
652 1530 764 1591 collum,

185 1605 219 1654 Et
232 1604 343 1654 madidos
359 1606 439 1668 myrris
454 1622 554 1655 curvum
569 1605 658 1654 crinale
673 1604 781 1670 capillos.

185 1685 232 1733 llle
244 1683 342 1749 quidem
354 1684 450 1746 iaculo,
466 1687 575 1749 quamvis
587 1681 713 1738 distantia,
727 1680 798 1732 millo

185 1759 271 1824 Figere
281 1758 364 1808 doiius
374 1776 442 1818 erat,
454 1759 494 1809 sed
505 1759 601 1809 tendere
612 1759 705 1810 dostior
715 1777 790 1809 arcus.
884 1795 886 1806 ,
926 1767 952 1810 55

186 1838 252 1886 Turn
264 1854 359 1902 quoque
369 1872 377 1893 ,
389 1836 453 1887 lenta
464 1854 535 1886 mauu
547 1836 681 1886 flestentem
693 1854 798 1898 cornua,
811 1837 906 1886 Perseus

930 1371 959 1415 50

185 1913 292 1975 Stipite,
308 1915 350 1977 qui
361 1911 440 1960 medii
454 1915 544 1976 positus
557 1911 665 1962 fumabat
679 1915 703 1960 iri
716 1928 775 1971 ara,

185 1987 293 2036 Perculit
304 2005 311 2044 3
324 1991 349 2036 δι
361 1986 439 2036 itastis
450 1985 562 2037 confudit
573 1991 600 2035 in
611 1990 702 2036 ossibus
713 2003 764 2035 ora.

185 2064 259 2115 Hunc
271 2066 311 2114 ubi
322 2063 431 2115 laudatos
442 2067 568 2130 justantem
580 2068 605 2115 in
616 2067 729 2130 sanguine
740 2064 820 2115 vultus

184 2138 293 2203 Assyrius
304 2137 365 2187 vidit
379 2140 501 2201 Lycabas3
518 2138 694 2205 (juniiissimus
708 2138 744 2186 illi
925 2143 955 2181 60

184 2215 218 2265 Et
229 2220 311 2265 comes
322 2250 330 2274 ,
342 2220 369 2265 δι
381 2220 430 2264 veri
442 2232 492 2264 non
503 2214 666 2265 dissimulator
681 2217 768 2265 amoris
779 2214 805 2280 5)

184 2291 241 2341 Post
251 2292 325 2358 quim
335 2291 485 2341 exhalantem
496 2293 538 2341 sub
553 2293 640 2341 acerbo
651 2292 747 2341 vulnere
759 2296 835 2343 vitam

183 2370 330 2435 Deploravit
339 2371 413 2421 Athin
422 2387 430 2427 3
441 2387 502 2435 quos
512 2370 553 2418 ille
566 2368 718 2429 tetenderat,
736 2386 802 2419 arcus

183 2449 293 2514 Arripit:
306 2451 331 2497 δι
342 2483 350 2508 ,
360 2449 459 2497 Mecum
470 2449 513 2496 tibi
524 2450 571 2496 sint
583 2451 712 2498 certamina
722 2483 729 2507 ,
741 2446 810 2497 dixit.

183 2526 237 2576 Nec
249 2527 349 2592 longum
360 2530 426 2591 pueri
438 2528 489 2578 fato
501 2528 628 2587 latabere3
646 2545 694 2594 quo
706 2528 759 2593 plus
924 2532 952 2587 65

184 2604 302 2665 Invidia,
315 2607 390 2673 quim
401 2605 493 2665 laudis,
507 2607 588 2657 habes.
601 2607 658 2655 llaec
669 2610 751 2656 omnia
762 2605 871 2656 nondum

183 2684 303 2741 Dixerat,
317 2686 415 2733 emicuit
425 2700 498 2733 nervo
510 2683 656 2749 penetrabile
669 2684 743 2733 telum
753 2703 761 2743 ·,

184 2762 363 2828 vitatumque,
378 2776 460 2811 tamen
470 2761 566 2809 sinuosi
576 2760 636 2809 veste
647 2759 768 2825 pependit.

182 2838 264 2887 Vertit
276 2841 302 2885 in
314 2838 377 2884 bunc
387 2838 494 2899 harpen,
508 2836 637 2899 speciatam
646 2831 710 2883 cade
721 2831 826 2883 Medusae
833 2869 842 2895 ,

182 2910 358 2963 Acrisioniades
370 2946 379 2971 ,
395 2910 518 2976 adigitque
528 2914 553 2959 in
564 2912 651 2980 peplus.
664 2912 695 2959 At
709 2910 750 2960 ilie

182 2992 235 3041 Jatn
248 2992 372 3044 moriens,
388 2989 465 3037 oeulis
477 2989 519 3035 sub
530 2990 598 3037 noste
608 2990 744 3040 natantibus
756 2989 825 3048 artai,

182 3069 362 3132 circumspexit
373 3066 462 3119 Athin,
473 3067 543 3130 seque
555 3065 683 3115 acclinavit
693 3069 719 3115 in
729 3066 799 3135 illum
812 3083 820 3123 3

181 3145 214 3195 Et
226 3146 282 3194 tulit
294 3143 324 3193 ad
335 3159 416 3192 manes
427 3145 511 3207 junliae
523 3142 607 3191 solatia
618 3146 709 3191 mortis.

179 3218 243 3273 Ecce
254 3220 379 3282 Syenites,
396 3220 489 3283 genitus
500 3216 645 3279 Methone,
663 3218 766 3269 Phorbas
778 3252 786 3275 ,

755 3294 775 3345 E
791 3297 817 3361 iij
