2334 4150
266 544 308 606 82
375 544 378 551 '
420 536 463 605 P.
498 536 657 605 01111211
685 541 881 609 Nasours

214 659 416 731 215Arnbrorlam
427 676 471 725 pro
483 663 592 725 gramine
601 662 692 711 habent
702 681 709 711 t
720 678 749 711 ea
758 660 817 713 feffa
827 662 920 715 diurnis
986 669 990 677 ’

263 738 375 788 Membra
385 738 518 789 ministeriis
528 744 605 789 nutrit
616 774 624 800 ‚
637 756 778 807 reparatque
791 742 879 793 labori.

263 816 378 882 Dumque
387 818 421 867 ibi
432 816 597 884 quadrupedes
608 819 712 870 coelestia
724 819 812 884 pabula
821 836 922 887 carpunt
933 856 943 882 ,
985 856 989 861 -

263 894 367 960 Noxque
375 898 454 947 vicem
464 902 571 964 peragit3
585 898 704 949 thalamos
712 898 778 947 Deus
790 902 865 951 intrat
875 918 990 965 amatos,

263 973 349 1022 Versus
359 976 385 1023 in
397 974 543 1040 Eurynomes
555 977 643 1027 faciem
655 981 794 1043 genitricis:
807 982 832 1027 δι
842 981 905 1031 inter

216 1041 517 1105 nonrs'tenteuconoen
528 1056 630 1107 famular
640 1055 672 1105 ad
681 1057 774 1107 lumina
782 1062 877 1119 cernit,

264 1130 336 1179 Levia
348 1134 442 1181 versato
452 1131 581 1183 ducentem
591 1135 691 1185 starnina
702 1135 765 1185 fuso.

263 1208 327 1275 Ergo
338 1211 399 1270 ubi,
419 1228 462 1260 ceu
476 1228 553 1275 mater
563 1230 623 1263 carte
633 1211 702 1263 dedit
710 1214 793 1264 oscula
806 1229 886 1276 ωας
956 1256 960 1261 ,

264 1288 330 1343 Res,
349 1291 399 1343 ait,
417 1305 502 1339 arcana
514 1292 546 1339 est
559 1310 565 1341 t
578 1290 693 1351 famule,
708 1290 840 1343 discedite:
852 1310 913 1345 nere

263 1368 366 1432 Arripite
378 1369 503 1419 arbitrium
514 1372 607 1431 matri,
621 1372 709 1420 secreta
720 1372 836 1437 loquenti·
859 1372 862 1375 ’

215 1446 411 1511 225Paruerunr:
422 1448 595 1517 thalamoque,
607 1448 689 1508 Deus,
703 1453 752 1499 sine
764 1452 820 1500 telle
830 1450 912 1500 relitio
924 1484 934 1510 ,
987 1450 990 1454 ’

264 1522 309 1572 Ille
319 1541 363 1589 ego
374 1528 442 1580 sum,
454 1526 515 1577 dixit
525 1560 533 1582 .
546 1532 589 1595 qui
599 1529 700 1593 longum
710 1532 799 1578 metior
809 1543 898 1578 anuum
909 1563 919 1583 ,

263 1602 353 1652 Omnia
363 1608 405 1670 qui
416 1604 487 1655 video
498 1623 506 1665 3
518 1624 559 1671 per
571 1624 645 1673 quem
655 1606 722 1657 videt
732 1610 816 1661 omnia
826 1607 897 1657 tellus
909 1624 918 1665 3

263 1680 452 1733 Mundio'tulusr
460 1683 614 1745 mihi‚crede‚
621 1687 709 1751 places.
718 1688 791 1736 Pavet
796 1686 983 1752 illasnretuque,

263 1760 389 1819 Etenim,
401 1750 428 1811 &⁴
439 1762 502 1811 fusus
513 1762 595 1828 digitis
606 1763 714 1813 cecidere
723 1767 842 1823 sensistin

215 1838 313 1903 23olpse
325 1842 398 1889 timor
409 1838 498 1889 decuit.
510 1840 562 1891 Nec
574 1842 669 1906 longius
678 1841 721 1891 ille
731 1858 852 1898 moratus,

262 1916 291 1965 ln
301 1930 382 1965 veram
392 1916 464 1967 rediit
475 1919 578 1978 faciem,
590 1920 737 1986 solitumque
747 1924 862 1971 nitorem.

262 1996 294 2045 At
304 1998 373 2060 virgo
383 2027 390 2056 ‚
402 2000 511 2063 quamvis
521 2000 623 2063 inopino
634 2002 715 2052 territa
724 2002 795 2059 visu,

263 2073 331 2126 vina
342 2079 419 2126 nitore
431 2076 494 2137 Dei,
508 2079 587 2141 positl
600 2082 648 2129 vim
660 2077 725 2143 palla
734 2079 830 2144 querell
841 2079 885 2130 est·

259 2153 355 2204 'Invidit
365 2153 449 2219 Clytie
459 2190 467 2216 ‚
482 2173 559 2221 neque
571 2160 636 2206 enim
646 2154 783 2207 moderatus
792 2162 817 2206 in
828 2158 872 2207 illa

215 2231 242 2278 ²3
251 2234 259 2278 5
265 2231 325 2282 Solis
341 2247 409 2282 amor
420 2233 497 2283 fuerat
508 2254 514 2284 ε
526 2235 693 2301 stimulataque
703 2236 796 2300 pellicis
806 2234 843 2284 ἐπὶ

264 2310 354 2376 Vulgnt
365 2310 510 2362 adulterium
521 2330 529 2371 3
546 2311 747 2378 diffamatumque
760 2313 851 2377 parenti

263 2387 358 2438 lndicat
368 2409 374 2439 ε
385 2391 427 2439 ille
442 2391 508 2440 ferox
519 2393 736 2456 immansuetusque
747 2405 901 2456 precantem,

264 2467 463 2534 Tendentemque
474 2485 557 2517 manus
569 2467 599 2516 ad
610 2467 701 2517 lumina
712 2468 774 2516 Solis
786 2503 794 2526 ,
810 2472 851 2524 &,
867 2468 914 2518 llle

263 2546 321 2596 vnn
338 2547 393 2596 tulit
409 2549 508 2604 iuvitae,
524 2544 662 2605 dicentem,
678 2544 774 2596 defodit
787 2547 837 2598 altd

216 2623 359 2682 tuendus
370 2627 445 2674 humo
458 2643 464 2672 :
476 2624 644 2690 tumulumque
654 2626 722 2690 super
731 2630 808 2690 gravis
818 2624 885 2677 addit
896 2627 986 2678 aretae.¹

264 2703 369 2768 Dissipat
379 2705 443 2751 hunc
454 2701 525 2752 radiis
537 2703 675 2768 Hyperione
685 2720 754 2755 natus
766 2723 772 2753 ε
783 2710 876 2774 iterque

264 2783 314 2832 Dat
325 2783 385 2840 ribi,
399 2799 447 2848 quo
459 2785 532 2847 possis
544 2779 650 2831 defossos
661 2799 771 2847 promere
781 2784 871 2834 vultus.

264 2860 316 2910 Nec
328 2876 353 2909 tu
364 2865 413 2926 jam
425 2875 518 2925 poteras
528 2863 637 2910 enedlum
652 2860 757 2925 pondere
771 2877 839 2910 terrae

263 2939 378 2997 Tollere,
388 2939 515 3003 Nympha,
525 2954 596 3004 caput
603 2957 611 2986 ε
618 2955 749 3004 corpusque
757 2941 982 3006 exsangueJatebas.

217 3013 308 3065 ²4iNn
319 3016 363 3066 illo
375 3017 448 3066 fertur
458 3016 584 3066 volucrum
596 3017 734 3066 moderator
743 3033 861 3083 equorum

264 3095 319 3143 Post
329 3095 504 3146 Pha'e'thonreos
514 3093 592 3145 vidiil'
587 3113 600 3144 e
610 3094 731 3145 dolentius
743 3097 817 3160 ignes.

265 3170 310 3221 Ille
320 3170 417 3237 quidem
429 3173 521 3238 gelidos
532 3211 539 3232 ‚
552 3163 674 3224 radiorum
685 3174 790 3228 viribus,
801 3189 886 3238 artus,
950 3206 952 3209 -

266 3251 290 3297 Si
304 3266 391 3314 quent,
405 3255 431 3301 in
445 3255 528 3306 vivum
539 3253 616 3304 tenta't
625 3269 737 3306 revocare
747 3253 862 3325 calorem.
