2334 4150
274 561 343 627 300
415 541 460 611 P.
489 543 862 614 omousianorum

269 660 341 711 lilius
355 661 461 714 fortuna
472 663 538 715 Deos
551 682 648 732 quoqne
666 682 775 716 mouerat
789 683 895 725 omnest

221 739 424 803 instrenuus,
438 757 466 792 ut
482 746 507 792 dc
522 745 572 808 ipsa
587 744 652 794 Jovis
664 749 811 810 conjuxque,
826 747 963 810 sororque,

269 818 375 871 Eventus
390 821 516 871 Hecubam
529 819 641 872 meruiffe
652 826 772 888 negaverit
787 822 853 874 iilos.

301 977 358 1030 Non
369 993 438 1030 vacat
446 980 553 1042 Aurorae,
559 980 790 1049 quamquam-isdem
800 981 989 1042 reseraturus,

214 1065 220 1078 '
268 1055 885 1125 Cladibusdccasu‘l'rojaequeHecubaequemoveri.

269 1133 335 1186 Cura
350 1134 429 1186 Deam
439 1139 538 1202 propior
549 1171 558 1198 ,
574 1136 696 1203 ludusque
707 1137 850 1187 domesticus
861 1140 930 1202 angit

221 1191 406 1263 l⁸⁰Memnonis
417 1218 511 1276 amisti,
526 1215 634 1280 Phrygiis
644 1233 717 1281 quem
732 1216 796 1266 luten
807 1219 901 1280 campis,

265 1289 335 1340 Vidit
344 1291 454 1342 Achillea
462 1308 601 1357 pereuntem
611 1291 707 1358 cuspide
724 1308 809 1343 mater.

264 1367 348 1430 Vidit3
360 1375 386 1421 dc
396 1372 439 1423 ille
448 1371 517 1423 color
529 1407 538 1435 ‚
553 1389 603 1441 quo
613 1377 732 1426 matutina
742 1375 873 1424 rubescunt

265 1447 388 1515 Tempora
400 1485 409 1513 ,
425 1451 561 1518 palluerat:
573 1453 691 1518 ituritque
701 1455 727 1502 in
739 1453 843 1502 nubibus
856 1454 942 1503 ather.

266 1527 297 1576 At
309 1543 359 1578 non
376 1531 502 1595 impositos
517 1531 630 1596 supremis
641 1531 736 1596 ignibus
745 1541 811 1580 artut

218 1585 380 1656 illiniuntur
391 1608 492 1673 spedrre
507 1625 590 1674 parens
601 1627 607 1656 r
620 1606 659 1658 sed
671 1641 679 1668 ,
691 1611 755 1658 crine
763 1607 861 1668 soluto,

265 1679 334 1730 Sicut
352 1695 419 1741 eret,
437 1683 520 1746 magni
529 1682 628 1746 genibus
638 1681 793 1746 procumbere
805 1697 854 1730 non
866 1678 900 1728 est

263 1741 402 1810 Dedignatur
411 1745 494 1806 iovis,
509 1745 668 1812 lacrymisque
679 1747 721 1799 ists
729 1743 814 1796 addere
824 1760 907 1795 voces.

264 1820 384 1878 Omnibus
395 1821 515 1882 inferior,
534 1837 593 1889 quas
607 1821 703 1874 sustinet
719 1837 801 1874 aureus
811 1824 904 1881 aether,

264 1897 329 1948 Nam
344 1900 407 1956 milri
424 1899 479 1949 sunt
493 1913 573 1954 totum
584 1901 703 1950 tuissimtr
712 1899 803 1965 templa
813 1915 855 1965 per
864 1899 970 1962 orbem,

216 1976 329 2034 tronus
343 1991 426 2030 tamen
441 1981 513 2030 venio
523 1995 532 2028 e
542 1994 593 2030 non
603 1993 630 2030 ut
640 1975 739 2029 delubra
750 2011 760 2038 ,
774 1974 872 2042 diesque

262 2055 312 2107 Des
326 2057 388 2109 mihi
398 2055 532 2119 sacrificos,
546 2056 703 2123 caliturasque
715 2055 809 2121 ignibus
820 2069 879 2105 aras.

263 2137 288 2184 st
303 2150 386 2187 temen
401 2137 515 2201 aspicias,
525 2149 643 2201 quantum
657 2134 701 2184 tibi
712 2133 802 2184 femina
813 2134 920 2199 prastem
932 2168 942 2195 ,

262 2213 328 2262 Turn
338 2212 394 2268 crim
406 2214 459 2263 luce
466 2213 532 2265 notl
541 2214 617 2263 nodiis
627 2210 732 2261 confinia
742 2212 809 2263 servo
820 2244 830 2271 ,

262 2290 363 2341 Praemia
379 2289 458 2343 danda
469 2306 546 2356 putes.
561 2288 609 2341 Sed
623 2306 673 2341 non
685 2306 712 2339 ea
721 2304 797 2348 tura,
808 2304 885 2356 neque
895 2290 934 2340 hic
945 2288 979 2341 eu

215 2365 334 2418 wintine
347 2368 418 2419 status
428 2369 545 2428 Aurora,
563 2371 662 2419 meritos
673 2381 700 2417 ut
712 2367 795 2432 poscat
804 2367 918 2417 honoret.

260 2447 400 2499 Memnonis
416 2447 476 2495 orba
487 2449 536 2497 mei
546 2449 618 2496 venio
627 2464 634 2494 t
643 2448 685 2511 qui
699 2445 773 2496 fortia
782 2444 867 2495 frustra

261 2524 307 2573 Pro
316 2538 402 2589 patruo
417 2524 474 2575 tulit
482 2539 550 2575 arma
560 2526 620 2583 suos
637 2526 767 2591 primisque
779 2523 821 2573 sub
832 2524 902 2573 annia

261 2599 359 2653 Occidit
371 2602 472 2663 alorci,
489 2603 523 2651 tic
532 2618 576 2653 vot
585 2601 709 2662 voluistis,
724 2600 827 2652 Achille.

260 2680 314 2737 Da,
325 2698 426 2747 precor,
438 2684 494 2733 huic
502 2680 627 2746 aliquem,
636 2680 723 2733 solatia
732 2683 817 2729 mortis
825 2715 835 2741 ,
844 2682 975 2742 honorem

212 2760 358 2811 ‘otsumme
367 2760 449 2811 Derim
461 2762 536 2811 redint
547 2777 558 2818 i
570 2772 725 2825 maternaque
737 2756 836 2809 vulnera
850 2758 909 2809 leni.

179 2833 183 2850 ¹
258 2839 366 2904 luppiter
376 2851 506 2898 annuerat,
522 2836 578 2887 crim
587 2836 726 2888 Memnonis
737 2833 823 2885 arduus
833 2836 884 2903 alto
961 2877 964 2882 .

259 2914 360 2967 Corruit
374 2919 431 2982 igne
442 2930 527 2981 rogut3
536 2917 646 2983 nigrique
655 2914 780 2966 volumina
788 2914 853 2964 fumi

259 2993 365 3045 infecere
378 2992 459 3045 durus
471 2991 547 3045 veluti
557 2992 613 3043 ctlm
623 2990 723 3044 flumina
732 3007 799 3043 natas

258 3070 377 3123 Exhaltnt
386 3069 503 3132 nebulas,
515 3086 561 3123 ntc
569 3069 606 3119 sol
620 3068 756 3123 admittitur
769 3071 844 3125 infru

211 3151 253 3201 ‘05
261 3151 316 3197 Atra
328 3149 412 3200 favilla
423 3148 507 3209 uolat,
519 3147 698 3214 glomerataque
706 3165 791 3215 corpus
803 3152 917 3209 inunum

258 3224 395 3287 Densatutq
412 3227 546 3295 faciemque
559 3229 639 3295 capit,
653 3229 773 3296 sumitque
783 3226 893 3281 calorem
