2334 4150
252 340 263 370 l

266 544 333 609 330
406 477 448 588 P.
472 521 628 592 omri
650 521 844 590 NAsours

213 645 355 709 citiorque
371 643 456 694 latine
474 641 535 692 fuit:
545 639 652 692 succedit
661 641 748 698 Silvius
761 640 818 701 iili;

262 723 319 780 Quo
329 723 407 779 satur,
423 723 523 785 antiquo
533 723 610 770 tenuit
621 723 721 785 repetita
731 719 828 768 Latinus

261 799 370 848 Nomine
381 815 437 847 cum
447 799 550 862 sceptro.
565 798 667 848 Clarum
678 799 742 846 subit
755 798 817 848 Alba
826 794 942 848 Latinum
955 814 964 855 ς

260 877 349 944 Epiros,
363 893 391 924 ex
400 876 444 924 illo
455 875 502 924 est:
511 875 563 940 post
572 879 636 925 hunc
646 875 814 941 Capetusque,
830 874 980 943 Capysque5

261 953 308 1004 Sed
315 953 395 1019 Capye
405 967 460 1002 ante
475 952 531 1002 fuir.
547 955 658 1017 Regnum
674 954 801 1002 Tiberinus
816 956 847 1004 eb
864 954 914 1004 illie

213 1031 351 1098 6¹5Cepit‚
362 1035 388 1082 bt
405 1034 431 1079 in
447 1032 521 1080 Tusci
539 1029 658 1080 demersus
669 1031 774 1080 fluminis
784 1029 855 1081 undis

262 1111 368 1160 Nomina
378 1110 436 1159 fecit
444 1125 511 1174 aqua
519 1126 526 1157 t
535 1108 623 1174 dequo
638 1108 799 1174 Remulusque
811 1109 927 1174 feroxque

260 1191 348 1236 Acrota
358 1189 413 1235 sunt
423 1187 497 1250 geniti
507 1203 515 1234 t
525 1187 655 1245 Remulus,
666 1191 785 1238 maturior
797 1189 863 1236 annis
869 1221 879 1249 ,

260 1263 386 1312 fulmineo
397 1266 488 1327 periit,
500 1265 608 1312 imitator
619 1263 746 1323 fulminis,
765 1267 822 1314 illu.

262 1343 341 1390 fratre
354 1343 397 1390 suo
411 1343 532 1406 sceptrum
546 1338 695 1394 moderatior
710 1343 800 1394 Acrota
812 1342 871 1392 forti

212 1416 346 1468 ttoTradit
361 1419 481 1470 Aventino
492 1437 499 1467 r
511 1421 612 1484 quiquo
625 1419 748 1485 regnirat,
760 1418 849 1470 eodem

260 1497 346 1546 Monte
364 1500 426 1562 jacet
438 1499 544 1561 potitur,
559 1498 689 1564 tribuitque
702 1497 922 1549 vocabulatnonri.

292 1569 393 1641 Jamque
403 1575 516 1626 Palatinae
529 1578 647 1625 summam
659 1577 734 1624 Proca
744 1578 821 1640 gentis
832 1576 944 1626 habebnt.

261 1655 325 1719 Rege
337 1655 380 1702 sub
392 1656 439 1702 hoc
452 1654 562 1703 Pomona
575 1653 622 1702 fuir
634 1672 641 1702 ι
653 1651 700 1719 qul
711 1652 778 1700 nulla
786 1652 883 1702 latinae

264 1732 328 1780 inter
344 1729 524 1792 Hamadryades
543 1732 620 1780 coluit
637 1730 754 1780 sollertius
770 1731 870 1788 hortos,

216 1809 317 1857 ‘erec
334 1808 381 1857 fuit
397 1808 490 1856 arborei
499 1806 626 1856 studiosior
643 1808 718 1857 altera
735 1807 814 1866 fetus;

260 1882 330 1934 Unde
342 1899 408 1934 tenet
416 1900 516 1933 nomen.
527 1884 586 1934 Non
597 1885 667 1936 silvas
677 1885 734 1939 illa,
749 1901 793 1934 nec
805 1900 903 1945 omnen

260 1963 308 2012 Rus
322 1978 401 2020 amat,
422 1959 447 2012 bt
464 1978 543 2012 ramos
557 1962 637 2012 felicia
648 1979 720 2028 poma
736 1963 847 2014 ferentes.

260 2042 312 2093 Nec
324 2041 403 2108 jaculo
415 2044 493 2106 gravit
503 2040 553 2100 est,
572 2039 614 2090 fed
623 2039 716 2091 adunci
725 2039 821 2091 dextera
833 2040 909 2095 falce:

261 2121 316 2183 Qui
325 2118 401 2171 modis
413 2120 531 2169 luxuriem
540 2121 630 2184 premit
640 2153 652 2180 ‚¹
666 2122 690 2169 bc
705 2121 830 2185 spatiantia
840 2122 930 2184 passim

212 2211 227 2248 6
231 2198 359 2261 30Btacbia
373 2200 512 2263 compescit.
530 2196 594 2247 fissi
612 2195 688 2247 modo
705 2198 794 2251 cortice
809 2200 903 2262 virgam

259 2276 359 2334 inserit,
375 2278 400 2325 it
418 2278 500 2325 succos
514 2274 595 2324 alieno
612 2274 704 2340 prestat
718 2274 827 2327 aluutun.

259 2352 311 2401 Nec
324 2355 413 2416 pariter
426 2354 510 2402 sentire
521 2355 607 2413 sitim,
624 2352 758 2420 bibulaque
772 2364 881 2403 recurvae

258 2427 353 2478 Radicie
372 2428 442 2477 fibrae
463 2429 597 2478 labentibus
613 2432 697 2494 irrigat
715 2428 793 2480 undis.
840 2491 843 2497 Ι

259 2506 304 2556 liic
312 2522 395 2565 amor,
405 2504 561 2555 hocstudium
569 2525 575 2556 ι
583 2508 682 2557 Veneris
691 2524 788 2574 quoque
799 2507 868 2560 nulla
876 2508 976 2576 cupido.

211 2586 315 2650 635Vim
330 2599 410 2635 tamen
424 2582 540 2648 agrestum
551 2599 674 2645 metuens,
691 2588 799 2650 pomeria
810 2584 902 2637 claudit

259 2664 326 2714 Intue
339 2682 345 2713 t
359 2666 383 2712 bt
396 2658 498 2712 acceflur
509 2663 622 2728 probibet
639 2663 774 2729 refugitque
789 2664 879 2715 viriles.

259 2740 326 2803 Quid
341 2758 391 2793 non
406 2745 432 2792 bt
447 2742 526 2804 Satyri
538 2774 547 2800 ‚
559 2741 683 2793 saltatibus
693 2756 749 2807 apta
757 2746 887 2808 juventur,

259 2818 357 2871 fecere?
369 2821 394 2867 bt
406 2821 464 2883 pinu
475 2821 594 2883 pracinfii
605 2834 694 2867 cornua
706 2820 793 2875 Panes.

259 2897 413 2963 Silvanusque
425 2932 433 2956 ,
445 2894 491 2946 sirie
506 2898 598 2962 semper
610 2896 737 2963 juvenilior
746 2899 834 2958 annii,

211 2974 354 3039 640Quique
366 2974 430 3023 Deut
443 2973 505 3023 furer
519 2974 558 3025 vel
568 2973 632 3025 falce
643 3008 652 3035 ,
663 2974 702 3025 vel
712 2977 825 3039 inguine,
844 2989 932 3034 terret.

260 3050 296 3099 Ut
310 3062 449 3116 poterentur
463 3049 512 3099 eii
528 3048 649 3100 Sedenim
662 3051 785 3116 superabit
795 3051 901 3103 amando

260 3126 313 3175 Hor
323 3142 419 3191 quoque
427 3124 575 3174 Vermmnue
587 3144 593 3173 t
605 3142 681 3191 neque
692 3140 741 3175 erat
753 3126 848 3179 felicior
857 3128 915 3185 illie.

262 3202 304 3253 ot
319 3207 412 3271 quoties
423 3204 507 3255 babitu
521 3200 575 3257 duri
583 3200 691 3258 mellotis
701 3204 781 3259 aristae
