2334 4150
200 551 673 626 MarAuonrrrosrouL.
686 552 786 621 XIV.
805 573 865 643 335

154 661 290 716 Invadunt:
299 681 426 731 portasque
441 678 542 729 petunt,
561 678 619 727 quas
637 662 717 726 objice
732 659 802 709 firma
874 663 922 725 720

156 743 280 794 Clauserat
298 743 391 794 Iliades.
405 744 485 793 Unam
495 759 577 793 tamen
591 743 640 806 ipsa
653 738 774 798 recludit,

156 821 207 871 Nec
223 822 347 886 strepitum
357 823 441 880 verso,
453 824 578 875 Saturnia,
593 817 690 870 cardine
702 817 770 867 fecit.

156 900 212 950 Sola
227 901 306 950 Venus
317 915 392 964 portae
403 896 513 948 cecidiffe
524 897 637 962 repagula
647 899 737 950 sensit,

156 975 187 1027 Et
197 976 303 1026 clausura
315 976 377 1036 fuit5
388 979 434 1025 nisi
444 975 510 1042 quod
521 973 654 1024 rescindere
666 987 798 1039 numquam

145 1053 202 1108 ,Dis
219 1054 276 1104 licet
289 1057 339 1103 asta
354 1053 444 1103 Derim.
453 1055 514 1102 lano
525 1053 579 1101 loca
587 1055 667 1115 JunRa
679 1051 791 1100 tenebant
876 1044 920 1109 785

157 1129 247 1181 Naides
267 1133 393 1190 Ausonia,
410 1129 492 1196 gelido
503 1133 609 1178 rotantia
622 1128 709 1187 fonte,

157 1209 206 1260 Has
216 1224 285 1274 rogat
295 1208 421 1257 auxilium.
432 1207 484 1256 Nec
496 1207 613 1272 Nymphae
623 1207 682 1271 justa
694 1221 814 1271 petentem

158 1288 289 1337 Sustinuere
306 1286 402 1335 Deam:
414 1301 532 1351 reumque
544 1289 568 1334 bt
580 1282 681 1333 flumina
696 1284 770 1334 fontis

158 1365 266 1416 Elicuerc
284 1365 329 1414 sui.
349 1362 468 1413 Nondum
488 1379 569 1412 tamur
584 1365 650 1412 invia
666 1363 720 1410 Jani

158 1443 208 1490 Ora
225 1443 326 1504 patentis
335 1454 419 1496 erant,
430 1455 507 1503 neque
515 1442 560 1486 iter
574 1437 724 1501 praecluserat
736 1437 809 1488 unda.
877 1452 926 1494 790

157 1515 249 1570 Lurida
257 1518 392 1580 supponunt
402 1511 507 1562 fecundo
518 1505 609 1562 sulfura
618 1511 697 1572 fonti,

158 1591 340 1656 incenduntque
358 1605 426 1638 cavas
438 1623 446 1648 ,
459 1588 566 1637 fumante
581 1591 715 1643 bitumine,
728 1606 810 1640 venas.

159 1673 257 1722 Viribus
271 1673 308 1719 his
318 1670 428 1739 ¹aliisque
447 1683 522 1732 sapor
535 1671 668 1732 penetravit
685 1666 716 1717 ad
733 1672 783 1718 irna

159 1752 243 1800 fontis
254 1769 260 1798 r
272 1752 297 1799 bt
308 1749 399 1815 Alpino
412 1746 488 1797 modb
499 1763 551 1812 quae
565 1761 653 1796 certare
664 1751 737 1813 rigori

159 1827 308 1886 Audebatis,
325 1843 409 1892 aquae,
421 1841 471 1874 non
482 1823 566 1874 ceditis
577 1826 671 1890 ignibus
681 1827 746 1890 ipsis.
880 1831 924 1877 795

159 1903 317 1956 flammiferi
332 1896 420 1969 gemini
441 1903 536 1952 fumant
553 1904 675 1967 aspergine
691 1901 783 1967 potirer

160 1983 279 2048 Portaque
291 2016 300 2041 ,
317 1984 477 2048 nequicquam
489 1979 571 2045 rigidis
581 1977 691 2044 permissa
707 1983 812 2037 Sabinis,

159 2062 237 2111 Fonte
249 2060 295 2110 fuit
311 2060 441 2126 praestrusta
452 2074 517 2108 novo
530 2076 537 2116 3
555 2057 614 2106 dum
626 2058 728 2106 Martius
741 2074 806 2109 arma

160 2137 274 2189 Indueret
291 2138 369 2186 miles.
388 2136 447 2196 Quae
458 2136 509 2200 post
518 2134 592 2200 quim
605 2136 723 2185 Romulus
737 2136 802 2185 ultro

161 2214 280 2273 Obtulit,
299 2218 324 2263 bt
344 2213 414 2263 strata
430 2214 462 2261 est
478 2212 549 2263 tellus
566 2214 675 2263 Romana
694 2215 784 2263 Sabinis
883 2199 929 2248 ⁸0⁰

162 2293 328 2358 Corporibus,
340 2290 410 2342 strata
428 2290 507 2356 eilque
518 2292 564 2339 suis
577 2292 723 2355 ,generique
739 2308 849 2343 cruorem

163 2372 282 2436 Sanguine
301 2385 357 2418 cnm
373 2370 447 2417 soceri
459 2370 597 2433 permiscuit
611 2371 698 2433 impius
714 2374 791 2429 ensis,

162 2449 223 2499 Pace
236 2464 315 2497 tamen
323 2448 371 2497 sisti
390 2446 479 2496 bellum
490 2482 498 2506 ,
510 2449 590 2495 necin
603 2446 759 2498 ultimaferro

163 2525 309 2581 Decertare‚
327 2526 426 2592 placet,
444 2526 592 2590 Tatiumque
608 2522 719 2575 accedere
736 2540 818 2591 regno.

197 2683 326 2734 Occiderat
336 2682 440 2736 Tatius,
460 2682 601 2748 populisque
617 2698 709 2749 aquata
724 2682 837 2741 duobus,
881 2693 926 2756 805

162 2762 288 2819 Romule,
306 2765 359 2823 jura
376 2758 465 2808 dabas:
477 2760 553 2823 positi
564 2760 620 2809 culm
634 2760 723 2810 casside
735 2762 832 2813 Mavors

162 2838 267 2889 Talibus
277 2835 363 2886 affatur
379 2835 518 2901 Dlvtimque
529 2838 703 2905 hominumque
716 2858 847 2904 parentem.

162 2919 274 2980 Tempus
285 2912 365 2974 adest,
387 2916 482 2978 genitor
494 2948 502 2974 ,
520 2918 634 2979 quoniam
643 2914 782 2967 fundamine
793 2936 880 2985 magno

162 2997 212 3044 Res
232 2994 340 3042 Romana
350 2995 434 3056 viget,
453 3008 496 3039 nec
507 2990 604 3056 preside
616 2992 703 3058 pendet
720 2998 749 3043 ab
762 3012 828 3059 uno,

163 3073 285 3130 Premia,
304 3086 357 3136 quae
369 3064 483 3135 promilla
494 3071 554 3117 mihi
567 3068 689 3137 dignoque
704 3077 805 3137 nepoti,
882 3080 929 3129 810

164 3149 263 3199 Solvere
278 3181 285 3203 ,
300 3152 325 3196 bc
337 3147 443 3196 ablatum
455 3149 521 3195 terris
530 3149 653 3211 imponere
668 3150 740 3198 ccelo.

165 3226 206 3276 Tu
224 3227 284 3275 milri
295 3259 304 3281 ,
314 3225 419 3277 condlio
437 3223 561 3291 quondam
571 3227 685 3292 prasente
697 3226 822 3291 Deorum,
