2334 4150
276 529 346 596 2¹4
418 503 462 574 P.
486 505 642 574 Orrorr
662 507 857 574 Nasonis

223 629 371 693 usurus,
388 631 414 679 bt
425 630 544 678 humectat
556 627 717 691 laerymarum
728 630 837 692 gramina
849 630 913 678 rivo.

273 705 364 758 Naidas
377 709 413 756 his
425 721 523 765 venam,
537 721 591 772 que
599 721 734 772 numquam
743 708 846 755 arescere
856 701 934 771 pollet
940 739 951 760 .
1038 695 1041 700 ’

272 781 421 851 Supposuiffe
439 783 534 832 ierunt:
547 781 608 850 quid
622 786 687 834 enim
698 780 755 832 dare
764 787 841 848 majus
853 783 991 833 habebanti

271 863 399 922 Protinus,
417 877 443 910 ur
459 863 521 910 sebio
531 865 604 926 piceae
614 859 644 910 de
655 863 746 910 cortice
755 877 830 927 gutta
841 895 851 923 ,

270 939 334 991 Utve
344 955 412 989 tenax
421 937 522 1004 gravidi
532 953 614 988 manet
628 938 714 988 tellure
723 939 849 998 bitumen,

220 1017 332 1068 6soUtve
344 1052 352 1078 ,
371 1019 414 1066 sub
427 1015 557 1067 adventum
575 1018 684 1082 spirantis
695 1017 748 1066 lene
759 1013 850 1066 Favoni
861 1048 870 1075 ‚

267 1095 322 1144 Sole
337 1095 504 1153 remollescit,
520 1109 572 1161 quae
587 1093 677 1160 frigore
687 1095 813 1152 constitit,
829 1092 915 1155 unda,

266 1174 304 1223 Sic
315 1171 426 1236 lacrymis
442 1174 567 1222 consumta
577 1173 624 1221 suis
637 1173 752 1222 Phoebe'ia
762 1171 844 1234 Byblis

265 1249 373 1300 Vertitur
390 1250 534 1305 insontem,
550 1253 593 1316 qui
603 1267 667 1300 nunc
677 1266 774 1317 quoque
787 1248 891 1300 vallibus
900 1248 952 1298 illie

264 1327 362 1380 Nomen
377 1330 450 1378 habet
462 1325 566 1379 dominc
579 1346 588 1388 ς
602 1327 718 1396 nigrique
731 1329 774 1378 sub
784 1326 840 1377 ilice
857 1339 950 1376 manat.

215 1494 260 1545 σᾶς
276 1487 368 1538 .l·‘ama
389 1490 447 1539 nori
464 1501 561 1538 centum
574 1485 679 1539 Creraas
691 1487 792 1537 forsitan
801 1486 872 1536 urbes

264 1563 384 1632 Impliil'et
402 1567 515 1626 monstri,
536 1569 555 1616 si
568 1583 617 1616 non
629 1565 743 1615 miracula
753 1579 847 1629 nuper,

262 1641 345 1710 lphide
357 1643 449 1694 mutati
462 1679 470 1705 ,
483 1643 556 1708 Crete
565 1647 679 1708 propiora
690 1639 789 1692 tulilset.

295 1721 406 1770 Proxima
416 1721 548 1770 Gnossiaco
562 1737 618 1770 narn
630 1718 753 1786 quondam
763 1717 861 1768 Phaeiiia
871 1735 946 1784 regno

261 1797 390 1862 Progenuir
401 1797 470 1846 tellus
480 1832 489 1858 ,
500 1801 585 1862 ignoto
593 1801 692 1848 nomine
704 1795 808 1862 Ligdum
820 1831 829 1856 ,

212 1873 364 1938 67olngenud
375 1873 405 1924 ‹le
416 1875 484 1940 plebe
495 1879 581 1926 virum.
599 1876 651 1926 Nec
665 1877 747 1925 census
756 1875 835 1926 inillo

259 1951 393 2002 Nobilitate
411 1952 452 2002 sui
467 1958 544 2020 major
555 1973 561 2003 ε
574 1953 615 2004 sed
624 1957 675 2005 vita
682 1952 788 2020 fidesque

259 2029 383 2097 inculpata
393 2029 440 2081 fuit
450 2051 455 2081 ι
465 2030 567 2097 gravide
582 2035 624 2099 qui
641 2035 750 2099 conjugis
761 2048 828 2082 aures

243 2162 246 2166 ,
258 2108 365 2159 Vocibus
378 2112 414 2159 his
425 2112 520 2171 movit,
535 2110 590 2161 edm
601 2115 651 2178 iam
667 2128 740 2177 prope
751 2125 830 2176 partus
841 2106 941 2162 adeffet.

259 2185 318 2247 Qua
328 2204 442 2247 voveam,
460 2186 509 2238 duo
527 2191 581 2237 sunt
590 2208 596 2237 ε
606 2192 708 2239 minimo
715 2189 846 2238 utrelevere
856 2189 958 2247 labore,

211 2264 339 2331 ‘75thue
354 2282 445 2315 marem
459 2270 544 2331 parias.
562 2267 692 2317 Onerosior
705 2266 778 2316 altera
791 2268 840 2315 sors
854 2267 905 2316 eil:

257 2342 288 2391 Et
308 2346 369 2391 vires
386 2342 482 2393 fortuna
493 2359 574 2409 negat.
583 2343 657 2404 Quod
666 2346 811 2405 abominor,
823 2360 881 2409 ergo

256 2418 327 2469 Edita
344 2419 405 2469 forti
423 2436 464 2471 tuo
476 2420 547 2483 fuerit
558 2426 577 2470 si
591 2422 679 2471 femina
691 2438 776 2487 partu,

257 2495 367 2563 (invitus
387 2496 493 2547 mando:
505 2500 582 2549 Pietas
594 2535 603 2559 ,
615 2502 712 2566 ignosce
724 2534 733 2560 ,
748 2500 758 2567 )
775 2515 881 2551 necetur.

255 2578 372 2629 Dixerat:
384 2583 409 2629 dt
423 2578 534 2642 lacrymis
551 2580 648 2630 vultum
664 2582 741 2631 lavere
753 2582 870 2646 profusis,
972 2588 977 2600 ‘

205 2654 316 2705 uioTam
335 2656 376 2722 qui
391 2653 534 2717 mandabat,
552 2657 628 2724 quim
638 2661 677 2707 eui
689 2656 939 2709 mandaradabanrur.

254 2729 300 2781 Sed
318 2747 399 2783 tamen
415 2748 487 2800 usque
503 2736 571 2784 suum
582 2738 648 2785 vanis
658 2736 787 2786 Telethusa
797 2739 912 2787 maritum

154 2852 155 2855 ,
253 2809 361 2860 Solicitat
375 2812 482 2875 precibus
493 2846 502 2871 ‚
518 2828 549 2862 ne
559 2813 625 2877 spem
635 2814 679 2861 sibi
689 2828 764 2878 ponat
773 2817 798 2863 irr
809 2818 883 2863 arno.

252 2886 326 2935 Certa
344 2887 385 2935 sua
400 2886 432 2936 eli
443 2886 520 2953 Ligdo
531 2890 647 2939 sententia
657 2910 664 2939 ι
677 2894 774 2957 jamque
784 2890 885 2941 ferendo

251 2962 298 3013 Vix
312 2977 362 3012 erat
372 2962 414 3012 illa
424 2979 520 3027 gravem
532 2980 627 3015 maturo
637 2966 742 3032 pondere
751 2983 876 3028 ventrem,

202 3038 317 3099 nircum
331 3038 412 3089 medio
427 3042 501 3089 noblis
517 3042 609 3107 spatio,
625 3044 667 3092 sub
680 3044 784 3109 imagine
799 3044 898 3106 somni,

251 3118 342 3167 Inachis
356 3132 409 3167 mre
427 3132 507 3167 torum
516 3152 524 3178 ,
536 3119 626 3185 pompi
636 3122 750 3170 comitata
760 3123 856 3171 suorum
866 3156 875 3185 ,

249 3193 297 3243 Aut
313 3194 376 3245 stetit
383 3226 394 3257 ,
401 3209 442 3246 aut
452 3196 501 3251 viia
509 3194 550 3247 est.
561 3196 658 3251 lucrant
664 3197 755 3249 lucana
766 3196 842 3249 ironti
