2334 4150
277 567 703 667 MarAuorrrroseon
726 560 833 632 nn.
874 588 919 651 29

196 684 239 735 Fit
255 668 349 746 timor,
370 692 393 735 ὃ(
405 686 490 752 pavidi
502 685 605 751 trepidat
615 684 746 735 formidine
756 689 845 751 pestus.

196 762 296 813 Ultima
307 782 383 829 prona
393 769 430 813 via
443 766 493 825 est,
510 768 534 815 bc
549 781 602 829 eger
612 763 776 814 moderamine
788 778 864 813 certo.

196 839 272 899 Tunc
288 848 377 901 eriam,
395 860 446 908 quae
457 860 495 890 me
511 844 618 908 subjciiis
629 846 717 907 excipit
733 840 822 912 undis,

196 916 238 965 Ne
256 918 318 967 ferar
334 924 360 968 in
376 937 496 983 preceps,
512 921 603 983 Tethys
614 920 674 969 solet
687 921 736 985 ipsa
745 924 830 969 vereri.

195 994 286 1056 Adde,
301 996 367 1063 quod
379 996 471 1047 assidui
482 1001 572 1063 rapitur
584 1001 701 1062 vertigine
712 999 801 1047 coelum
815 1016 823 1057 3
934 1012 965 1055 70

194 1074 328 1141 Sideraque
343 1076 391 1125 alta
405 1078 493 1136 trahit,
509 1076 626 1141 celerique
642 1077 766 1125 volumine
777 1091 882 1141 torquet.

194 1151 271 1200 Nitor
290 1156 316 1201 in
335 1152 458 1203 adversum
469 1172 476 1212 3
490 1170 534 1202 nec
545 1171 600 1215 me,
618 1158 659 1219 qui
670 1171 764 1215 cetera,
775 1158 851 1204 vincit

194 1228 302 1293 impetus
312 1248 317 1277 ε
326 1234 351 1278 &
360 1229 442 1295 rapido
454 1234 585 1280 contrarius
596 1236 683 1281 evehor
693 1235 755 1281 orbi,

195 1306 270 1371 Finge
283 1306 351 1357 datos
367 1324 446 1357 currus
457 1308 531 1374 :quid
546 1314 617 1375 agas?
638 1314 757 1374 poterisne
773 1315 856 1361 rotatis
911 1303 916 1321 ¹

195 1384 287 1433 Obvius
306 1388 339 1434 ire
359 1387 437 1451 polis,
451 1404 480 1435 ne
492 1391 585 1455 telcitus
596 1388 688 1437 auferat
703 1394 769 1440 aris?
929 1406 958 1452 75

192 1460 303 1511 Forsitan
317 1468 342 1511 bc
358 1464 424 1522 lucos
437 1464 506 1524 illic,
521 1467 637 1532 urbesque
650 1466 759 1517 Deorum

191 1537 324 1604 Concipiet
339 1544 436 1599 auimo,
451 1540 596 1608 delubraque
608 1542 668 1593 ditia
678 1543 748 1593 donis

189 1614 247 1665 Effe
259 1636 265 1664 :
278 1634 318 1681 per
333 1617 429 1669 insidias
448 1620 493 1667 iter
508 1620 560 1680 est,
575 1622 713 1687 formasque
731 1624 843 1675 ferarum.

189 1692 274 1759 thue
288 1698 353 1745 viam
371 1712 468 1758 teneas,
486 1698 603 1765 nulloque
621 1718 699 1751 errore
712 1703 826 1762 tralraris;

189 1772 234 1820 Per
251 1787 332 1823 tamen
346 1773 438 1824 adversi
456 1774 568 1840 gradieris
583 1794 673 1828 cornua
683 1780 778 1839 Tauri,
926 1775 958 1825 ⁸0

188 1848 377 1918 ilaemoniosque
392 1870 473 1912 arcus,
488 1854 635 1922 violentique
645 1873 688 1907 ora
702 1858 809 1919 Leonis,

188 1918 302 1993 Saevaque
318 1934 419 1979 circuitu
431 1946 568 1981 curvantem
580 1936 675 1985 brachia
685 1937 760 2002 longo

185 2004 324 2068 Scorpion,
336 2021 407 2072 atque
419 2008 487 2057 aliter
499 2026 637 2061 curvantem
652 2016 748 2065 brachia
763 2015 894 2067 Cancrum,
906 2025 909 2029 ’

186 2081 240 2131 Nec
262 2086 305 2131 ιμ’
323 2085 485 2153 quadrupedes
501 2094 620 2141 animosos
634 2095 728 2158 ignibus
738 2094 807 2155 illis,

185 2159 225 2218 Qr
276 2179 298 2210 n
312 2167 404 2228 pedore
418 2168 507 2218 habent
519 2205 527 2228 ,
539 2187 599 2236 quos
609 2188 651 2220 ore
662 2176 687 2221 δι
704 2175 798 2222 naribus
810 2175 903 2237 efflant,
922 2174 948 2235 8>

183 2235 213 2284 In
223 2237 340 2303 promptu
352 2259 431 2308 regere
441 2245 473 2293 est
485 2264 491 2293 ι
503 2249 543 2296 vix
559 2265 599 2296 me
609 2253 745 2314 patiuntur,
758 2268 784 2301 ut
794 2269 858 2304 acres

181 2312 309 2365 incaluere
323 2323 397 2368 animi
410 2339 418 2380 3
434 2327 559 2390 cervixque
570 2343 684 2392 repugnat
698 2331 805 2381 habenis.

156 2391 161 2414 ¹
181 2393 215 2441 At
227 2407 272 2454 tu,
291 2394 375 2446 funesti
384 2415 414 2447 ne
431 2403 475 2450 sim
489 2404 531 2452 tibi
543 2408 648 2453 muneris
658 2410 753 2467 miror,

181 2468 264 2531 Nate,
284 2490 357 2524 cave:
369 2475 427 2526 dum
439 2495 521 2545 resque
532 2485 606 2542 sinit,
620 2499 659 2533 tua
674 2489 765 2551 corrige
775 2503 841 2538 vota.

180 2549 302 2610 Scilicet,
317 2567 345 2602 ut
357 2555 437 2605 nostro
450 2561 557 2620 genirum
570 2575 593 2608 te
608 2563 719 2626 sanguine
732 2564 832 2627 credas,
916 2579 949 2623 90

179 2626 286 2690 Pignora
302 2645 365 2680 certa
378 2635 438 2697 petis
452 2652 457 2681 r
475 2633 507 2684 do
518 2640 619 2701 pignora
630 2656 693 2688 certa
707 2642 833 2702 timcnd03

177 2704 211 2754 Et
234 2709 314 2769 patrio
324 2724 390 2772 pater
400 2707 446 2760 else
457 2729 522 2761 metu
537 2717 626 2776 probor
637 2735 643 2763 ε
660 2720 736 2780 aspice
744 2719 825 2768 vultus

176 2780 243 2830 Ecce
254 2799 321 2832 meos
334 2803 340 2832 r
352 2775 492 2854 utinamque
503 2789 588 2838 oculos
598 2794 623 2838 in
635 2795 730 2855 pestora
740 2794 816 2858 polles

175 2859 304 2921 Inserere,
320 2865 345 2911 δι
360 2867 446 2928 patrias
465 2870 528 2916 incus
539 2865 683 2934 deprendere
697 2871 782 2920 curas!

175 2933 309 3002 Denique,
319 2939 434 3007 quicquid
442 2943 599 3001 habe-(dives,
608 2950 771 3014 circumspice,
782 2951 895 3014 mundus3
914 2975 942 3021 95

174 3014 247 3080 Helue
266 3031 306 3064 tot
320 3033 348 3066 ac
359 3023 430 3069 tantis
445 3022 516 3082 coeli,
535 3038 663 3090 terraeque,
680 3032 798 3094 marisque
838 3045 840 3050 ·

173 3091 252 3141 Posce
267 3094 336 3143 bonis
352 3095 445 3162 aliquid
457 3117 462 3146 ε
474 3099 566 3148 nullam
581 3105 805 3168 patiere'repulsam.

172 3166 302 3233 Deprecor
315 3174 362 3222 hoc
380 3190 455 3223 unum
467 3210 475 3235 ,
486 3176 552 3242 quod
563 3195 620 3228 vero
630 3185 727 3231 nomine
738 3200 822 3248 poma,

172 3246 236 3298 Non
244 3236 323 3299 honor
334 3250 366 3300 est
374 3267 482 3318 :petuam
489 3255 622 3322 ,Phaetom
632 3275 794 3324 promouere,
806 3267 892 3328 poscis.

750 3339 805 3405 Biij
