2334 4150
258 507 686 578 hurinomnosrou
711 505 748 572 L.
771 509 817 573 X.
852 531 916 595 223

198 625 289 688 Quint
307 626 374 694 quod
391 642 455 687 erat,
473 627 575 678 mallet:
588 626 656 676 nulli
668 641 749 678 tamen
764 626 821 675 alite
831 631 891 676 verti

196 703 341 770 Dignatur,
360 709 405 756 nisi
416 721 468 770 quae
479 709 554 770 possit
564 707 605 754 sua
616 705 718 754 fulmina
732 703 802 752 ferte.

196 781 255 832 Nec
271 801 339 835 mora
351 803 357 832 :
369 780 476 850 perculso
485 779 642 834 mendacibus
652 787 704 830 aire
721 783 819 846 pennis,
833 805 837 816 =

95 914 96 926 q
196 861 299 926 Abripit
311 860 403 912 Iliaden
415 880 421 909 t
434 863 476 926 qui
487 877 549 912 nuuc
565 876 661 926 quoque
673 858 761 924 pocula
772 860 872 920 miscet,
925 870 970 908 rso

198 937 331 1004 invitique
348 939 402 990 Jovi
419 941 498 988 uesiar
507 939 601 988 lunone
611 937 736 986 ministrat.

234 1099 273 1147 Te
280 1114 376 1165 quoque
386 1133 394 1157 ‚
404 1095 545 1172 Amyclidq,
558 1094 672 1163 posuisset
679 1098 795 1146 inathete
805 1097 919 1157 Phoehus,

99 1189 104 1194 ·
199 1172 290 1226 Tristia
299 1180 318 1225 si
329 1179 431 1242 spatium
441 1173 546 1241 ponendi
560 1177 609 1225 sata
618 1173 744 1225 dedissent.

95 1273 96 1278 ¹
199 1253 258 1314 Qud
270 1253 346 1312 licet,
362 1268 460 1304 aeternus
476 1269 555 1304 tamen
571 1271 595 1302 es
606 1273 614 1303 t
626 1257 767 1320 quotiesque
776 1251 871 1319 repellit

156 1369 161 1376 .
198 1331 251 1381 'Ver
262 1335 380 1392 hiemem,
400 1333 507 1398 Piscique
523 1332 589 1382 Aries
598 1331 703 1382 succedit
719 1334 827 1398 aquoso,
922 1325 964 1377 ¹⁶5

200 1407 241 1456 Tu
252 1411 323 1458 toties
332 1412 404 1460 oreris
414 1443 423 1466 ‚
442 1407 560 1474 viridique
570 1413 596 1457 in
604 1411 690 1474 cespite
699 1425 791 1459 vernas.
801 1450 806 1455 .

200 1485 237 1534 Te
256 1503 323 1536 meus
341 1502 396 1536 aute
406 1487 466 1536 alios
478 1489 571 1550 genitor
582 1484 684 1535 dilexite
695 1490 720 1535 &
734 1487 793 1536 orbe

198 1564 229 1613 lu
250 1563 332 1614 medio
343 1568 416 1630 positi
426 1579 551 1613 caruerunt
559 1563 658 1629 praeside
668 1563 768 1628 Delphi.

198 1635 268 1690 Dun't
283 1642 348 1694 Deus
365 1643 490 1702 Eurotan,
502 1645 705 1708 immunitumque
717 1642 854 1707 frequentat

199 1721 320 1784 Sparten,
335 1737 379 1770 nec
394 1722 508 1780 citharae,
526 1735 569 1768 nee
580 1721 673 1769 suntin
689 1722 782 1768 honore
792 1721 900 1784 sagitta,
923 1721 967 1765 ι7ο

199 1797 333 1846 Immemor
349 1799 398 1862 ipse
409 1799 443 1846 sui
455 1814 506 1848 non
520 1799 579 1847 retia
596 1797 657 1846 ferre
668 1798 776 1856 recusat,

201 1875 260 1925 Non
281 1872 380 1928 teuuiffe
394 1891 462 1924 canes
475 1893 482 1933 ;
495 1891 544 1924 uon
559 1892 601 1940 per
616 1879 674 1940 juga
682 1877 773 1924 montis
787 1877 864 1939 iniqui

200 1951 246 2003 lire
262 1944 358 2003 comes:
368 1951 486 2018 longique
499 1953 542 2001 alit
552 1948 698 2002 assuetudine
706 1950 826 2001 flammat.

200 2029 300 2097 Jamque
311 2028 358 2081 feri
370 2027 461 2081 medius
477 2031 550 2081 Titan
564 2033 717 2083 venientis&
731 2033 787 2079 asiae
831 2046 835 2051 ·

201 2108 283 2159 Noeris
301 2125 350 2159 erat
361 2144 370 2169 ‚
382 2110 506 2174 spatioque
516 2112 567 2173 pari
578 2106 679 2157 distabat
688 2110 829 2173 utrimque,
921 2106 963 2152 ¹75
982 2125 984 2129 ’

201 2184 311 2252 Corpora
325 2186 387 2241 veste
404 2185 499 2247 levent,
514 2187 621 2246 &succo
631 2187 725 2257 pinguis
735 2185 796 2247 olivi

200 2264 387 2331 Splendescunt,
408 2265 497 2331 latique
511 2268 595 2315 ineunt
605 2269 736 2316 certamina
746 2266 806 2317 disci
817 2284 824 2317 e

201 2343 279 2404 Quem
299 2345 363 2409 ptius
373 2344 444 2392 a'e'tias
455 2343 569 2399 libratum
579 2344 682 2393 Phoebus
693 2347 719 2393 iu
729 2361 796 2395 auras

200 2421 287 2482 Misit,
310 2424 335 2471 dt
348 2423 468 2486 oppositas
478 2419 571 2487 disjecit
581 2420 687 2487 pondere
700 2424 784 2473 nubes.

201 2492 294 2549 Recidit
310 2501 336 2547 in
350 2497 453 2549 solidam
463 2498 537 2564 longo
549 2498 601 2563 post
608 2513 716 2565 tempore
727 2515 815 2551 tertam
917 2487 962 2537 ¹⁸0
1038 2502 1042 2508 '

201 2576 312 2637 Pondus,
333 2580 358 2629 δι
374 2578 480 2630 exhihuit
492 2579 597 2642 junsiam
611 2594 666 2628 cum
676 2578 766 2629 viribus
776 2594 862 2631 artem.
946 2592 951 2599 ·

201 2656 309 2704 Protinus
326 2652 481 2719 imprudens,
497 2656 606 2720 adusque
616 2654 727 2721 cupidine
738 2656 810 2718 ludi,

201 2731 296 2785 Tollere
306 2728 442 2781 Taenarides
452 2730 535 2779 orbem
552 2733 694 2796 properabat
705 2750 746 2783 tat
760 2734 832 2785 illum

106 2818 110 2831 ¹
201 2810 266 2859 Dura
282 2805 416 2874 repercusso
425 2810 526 2874 subjecit
536 2811 566 2859 ab
575 2815 628 2859 aire
640 2810 711 2859 tellus

202 2886 228 2941 lu
244 2886 341 2947 vultus,
359 2887 508 2950 Hyacinthe,
523 2901 585 2937 tuos.
601 2888 722 2954 Expalluit
736 2890 820 2957 aqui,
914 2888 956 2950 185

200 2966 233 3016 Ac
243 2981 315 3029 puer.
332 2965 381 3030 ipse
392 2964 473 3015 Deus:
484 2964 649 3032 collapsusque
661 2970 748 3033 excipit
761 2984 834 3019 artus.

200 3043 230 3093 Et
242 3040 317 3094 modi
329 3056 351 3093 te
361 3042 550 3095 resevettmodd
561 3045 634 3095 tristia
644 3047 743 3096 vulnera
753 3049 825 3096 siccat
836 3064 845 3095 t

200 3119 268 3171 Nunc
285 3122 390 3171 animam
406 3118 511 3171 admotis
523 3120 654 3187 fugientem
672 3122 767 3172 sustinet
776 3124 865 3175 herbis.

200 3196 797 3331 ililprosuotuttestqatimmedicabilesulpuss·
859 3255 865 3263 .
899 3238 903 3246 ·

770 3291 795 3329 n
889 3290 892 3293 ·
