2334 4150
309 513 379 597 26'4
452 509 494 578 P.
516 477 689 597 ‚o'rrrnrr'
702 512 898 580 NAsonrs

307 633 398 682 Pronus
409 633 472 692 abit,
485 633 572 698 letique
581 635 647 684 viam
657 636 708 681 sine
721 630 767 681 fine
777 647 889 683 retentat.

306 709 373 759 fecit
386 727 454 760 amor
461 714 563 760 maciern
574 727 580 760 r
593 710 668 775 longa
677 709 814 760 internodia
826 726 942 771 erutum

306 787 389 854 Longa
403 803 483 838 menet
494 791 571 838 cervix
584 807 592 836 s
603 803 675 852 eaput
685 787 718 837 est
728 804 850 852 acorpore
862 789 945 854 longi.
988 839 992 844 ,

257 882 302 934 795
315 867 396 934 Equor
409 883 473 917 amat
484 885 491 916 s
502 883 639 933 nomenque
648 863 745 927 stimet,
760 869 817 933 quia
827 872 959 934 mergitur,
971 867 1015 916 ilii.

447 1199 689 1270 LIBER
734 1201 864 1270 XII.

344 1303 371 1348 Τ

302 1308 361 1426 JN
374 1389 489 1426 sscrus
508 1371 614 1424 ass'umtis
630 1375 737 1427 Priamus
753 1390 820 1442 pater
830 1374 934 1424 AEsacon
950 1375 994 1425 alis

303 1453 405 1512 Vivere,
425 1452 535 1518 lugebat:
548 1452 642 1502 tumulo
654 1470 750 1520 quoque
760 1469 850 1503 nornen
860 1453 958 1501 habenti

304 1531 402 1581 Inferias
414 1529 511 1580 dederat
521 1531 695 1581 cumfratribus
705 1531 792 1580 Henor
802 1533 893 1579 inanes.

303 1609 388 1660 Defuit
397 1607 478 1658 officio
489 1607 578 1658 Paridis
589 1610 711 1674 praesentia
721 1608 779 1658 tristi
789 1626 798 1667 5

274 1697 286 1743 ς
305 1685 434 1737 Postmodo
445 1689 486 1750 qui
496 1685 565 1750 rapti
575 1686 675 1752 longum
686 1703 741 1735 cum
751 1688 853 1751 conjuge
868 1683 962 1737 bellum

302 1763 392 1812 Attulit
407 1766 432 1812 in
444 1764 545 1828 patriam
561 1768 758 1828 :conjurataeque
772 1766 903 1828 sequuntur
937 1750 941 1757 l

301 1839 372 1889 Mille
380 1855 458 1898 rates,
469 1841 593 1906 gentisque
601 1840 675 1888 simul
683 1857 811 1890 commune
823 1839 937 1905 Pelasgae.

302 1915 354 1968 Nec
366 1917 441 1968 dilata
451 1917 514 1966 foret
523 1915 627 1967 vindicis
636 1934 644 1976 5
654 1921 698 1966 nisi
709 1934 803 1984 aequora
812 1919 869 1968 stri

301 1997 369 2048 Invia
385 1994 492 2048 feciffent
502 1999 584 2058 venti,
605 1997 737 2063 Boeotaque
747 1998 817 2046 tellus

256 2086 286 2119 ¹0
302 2074 388 2127 Aulide
405 2076 495 2142 piscosi
513 2093 602 2143 puppes
619 2073 729 2125 tenuiffet
747 2080 829 2125 ituras.

301 2154 348 2203 Hic
361 2189 368 2213 ‚
381 2157 458 2219 patrio
473 2152 502 2203 de
512 2172 597 2215 more,
608 2154 662 2203 Jnvi
672 2154 728 2209 etim
739 2157 803 2203 sacra
816 2152 936 2220 parafftnt
946 2173 955 2216 ς
1039 2198 1045 2204 .

301 2230 336 2281 Ut
347 2248 412 2282 vetus
426 2235 528 2281 accensis
541 2230 665 2282 incanduit
676 2232 770 2296 ignibus
780 2248 836 2293 ara,

300 2310 396 2373 Serpere
411 2309 536 2360 caeruleum
551 2308 632 2360 Danai
645 2308 724 2360 vidire
738 2308 868 2361 draconem

300 2385 328 2435 ln
348 2386 485 2450 platanum,
501 2387 587 2453 coeptis
598 2402 651 2452 quae
664 2386 738 2436 stabat
747 2384 856 2452 proxima
866 2391 949 2439 sactis.

255 2474 281 2521 ¹5
301 2462 379 2513 Nidus
391 2478 441 2514 erat
451 2463 578 2513 volucrum
588 2464 623 2511 bis
634 2478 736 2529 quatuor
747 2465 831 2513 nbore
842 2467 958 2526 summaia

300 2542 364 2603 Quas
374 2542 462 2600 simul,
475 2546 499 2591 dt
511 2556 613 2592 matrem
623 2545 714 2592 circum
725 2544 764 2592 sua
774 2540 862 2591 damna
871 2545 998 2594 volantem
1006 2576 1020 2605 ‚

299 2620 424 2687 Corripuit
434 2623 527 2685 serpens
539 2637 546 2679 3
561 2618 678 2687 avidique
694 2618 831 2670 recondidit
842 2621 908 2671 alvo.

299 2700 444 2764 Obstupuere
455 2714 537 2749 omnes
549 2717 555 2747 s
566 2714 592 2749 at
601 2702 651 2748 veri
660 2691 773 2763 prouidus
781 2714 855 2763 augur

298 2776 448 2829 Thestorides
459 2811 468 2837 ,
484 2776 629 2833 Vincemus,
640 2779 674 2825 ait
685 2794 691 2824 ι
703 2774 821 2841 gaudete,
836 2775 940 2840 Pelasgi.

152 2907 155 2911 ,
251 2863 283 2897 ²⁰
299 2857 374 2921 Troia
390 2853 474 2912 cadet3
492 2851 533 2903 sed
548 2854 594 2901 erit
603 2852 676 2901 nostri
685 2870 754 2902 mora
765 2853 838 2917 longa
849 2853 948 2902 laboris.

299 2934 377 2999 Atque
392 2948 481 2981 novem
490 2929 599 2980 volucres
613 2932 638 2978 in
649 2929 707 2979 belli
717 2928 803 2995 digerit
816 2946 901 2979 annos.

299 3010 343 3059 llle
354 3044 363 3066 ,
383 3024 414 3076 ut,
422 3023 486 3065 erat,
504 3004 592 3057 virides
602 3007 722 3072 amplexus
731 3011 756 3055 in
767 3009 852 3057 arbore
861 3024 943 3057 ramos
953 3038 963 3067 ,

299 3089 338 3139 fir
347 3088 420 3152 lapis,
436 3089 459 3135 dt
477 3086 552 3134 servat
565 3086 677 3148 serpentis
688 3087 792 3148 imagine
805 3087 898 3133 saxum.

331 3166 456 3217 Permanet
466 3166 548 3215 Aoniis
559 3162 650 3215 Nereus
658 3163 779 3217 violentus
788 3165 814 3215 ln
822 3162 893 3214 undis
903 3197 914 3223 ,

502 3236 507 3245 ⁴
899 3240 1019 3308 Bellaque
