2334 4150
258 548 301 593 22
325 524 368 593 P.
400 524 609 592 Omra
642 524 869 592 Nasonis

256 646 314 697 Non
329 645 401 702 dare,
419 648 562 711 suspeelum:
572 643 712 710 pudotest,
727 649 768 711 qul
780 642 876 695 suadeat
886 641 967 701 illine,

256 726 319 775 Hine
329 722 446 775 dissuadet
459 740 535 772 amor.
547 722 629 772 vietus
642 719 721 788 pudor
736 719 794 772 esset
804 738 902 773 amore:

177 860 180 865 ,
203 801 316 863 taoSed,
335 802 387 852 leve
397 803 416 850 si
426 816 512 849 munus
527 803 596 850 socie
607 803 745 867 generisque
755 803 850 866 torique

254 880 334 929 Vacca
350 894 475 943 negaretur
487 895 495 937 3
509 893 603 943 poterat
616 895 666 927 non
676 894 748 929 vacca
761 876 847 928 videti.

253 956 341 1005 Pelliee
355 954 461 1015 donatd,
476 970 526 1005 non
537 958 645 1021 protinus
657 958 722 1005 exuit
731 972 830 1005 omnem

252 1034 316 1083 Diva
326 1049 418 1083 metum
427 1052 433 1084 t
442 1037 570 1100 timuitque
579 1034 663 1084 Jovem
674 1068 682 1094 ,
695 1038 719 1083 δι
731 1034 777 1083 fuit
786 1036 854 1083 anxia
865 1031 936 1092 furti,

253 1112 337 1161 Donec
354 1110 493 1162 Arestoridae
505 1110 644 1161 servandam
656 1109 755 1161 tradidit
765 1112 838 1177 Argo.

206 1186 250 1238 ⁶²5
255 1188 361 1239 Centum
375 1188 505 1238 luminibus
517 1192 622 1238 einsium
639 1204 710 1253 eaput
721 1190 796 1254 Argus
812 1188 935 1238 habebat:

254 1266 312 1317 lnde
329 1270 375 1316 suis
394 1269 486 1317 vicibus
502 1268 627 1333 capiebant
644 1269 700 1316 bina
714 1270 834 1333 quieteme

253 1345 341 1395 Cetera
353 1347 496 1405 servabant,
513 1360 584 1411 atque
597 1348 623 1393 in
640 1345 739 1394 statione
750 1344 886 1401 manebant.

253 1422 399 1474 Constiterat
412 1440 564 1489 quocumque
581 1420 674 1483 modo,
690 1424 807 1488 spesiabat
815 1419 847 1471 ad
862 1421 905 1469 loe

253 1501 314 1551 Ante
332 1501 417 1550 oeulos
438 1502 478 1557 lo,
495 1503 604 1567 quamvis
617 1502 727 1560 aversus,
743 1500 854 1549 habebat.

197 1578 318 1630 ,⁶³0Luce
334 1582 392 1628 sinit
401 1579 464 1643 pasci
476 1597 483 1626 a
496 1578 552 1627 calm
562 1578 604 1628 Sol
620 1578 704 1628 tellure
718 1578 760 1626 sub
772 1577 821 1627 alti
837 1576 886 1637 est,

252 1655 368 1717 Claudia,
385 1661 409 1706 be
420 1655 521 1721 indigno
532 1655 667 1706 circumdat
675 1656 773 1707 vincula
784 1654 860 1706 colle.

252 1732 386 1785 frondibus
404 1735 523 1793 arbuteis,
539 1737 564 1782 δε
575 1733 656 1783 amaral
666 1734 769 1798 pascitur
779 1731 871 1782 berbi:

252 1812 345 1879 Proque
361 1827 436 1871 toro,
454 1826 537 1870 terre,
553 1826 604 1860 non
621 1811 711 1876 semper
723 1827 821 1875 gramen
831 1809 930 1859 habentl
936 1842 947 1871 ,

251 1891 350 1940 lucubat
367 1889 470 1948 infeli13
488 1889 621 1954 limosaque
639 1885 740 1938 flumina
754 1903 833 1954 potat.

205 1966 248 2017 ⁶35
254 1968 297 2017 llla
316 1971 388 2017 etiam
399 1967 497 2033 supplex
511 1966 576 2032 Argo
591 1966 646 2015 etlm
657 1967 752 2015 brachia
764 1966 838 2016 vellet

251 2043 380 2105 Tendere,
396 2061 445 2095 nou
457 2045 557 2100 habuit,
574 2060 627 2110 quae
645 2046 740 2095 brachia
755 2042 861 2096 tenderet
872 2044 951 2110 Argoa

251 2123 397 2190 Conatoque
407 2127 474 2189 queri
491 2126 596 2188 mugitus
607 2121 683 2173 edidit
693 2141 734 2172 ore
743 2142 750 2172 a
914 2175 920 2190 x

251 2202 424 2268 Pertimuitque
441 2204 527 2252 sonos:
540 2201 684 2268 propriique
696 2204 806 2252 exterrita
818 2218 878 2253 vote
892 2201 932 2250 est.

251 2280 324 2329 Venit
335 2283 360 2330 δι
372 2277 403 2328 ad
414 2282 475 2343 ripas
487 2313 495 2339 ,
515 2279 555 2327 ubi
567 2277 648 2328 ludere
660 2280 719 2344 saepe
730 2279 837 2338 solebat,

203 2355 375 2413 640lnaehidas
388 2359 448 2421 ripas
460 2375 467 2404 e
479 2373 589 2423 novaque
600 2371 627 2404 ut
642 2358 765 2420 conspexit
781 2359 806 2403 iu
820 2352 884 2402 undd

250 2434 366 2493 Cornua,
383 2436 524 2498 pertimuit,
543 2435 614 2498 seque
629 2447 749 2482 externata
765 2432 862 2497 refugit.

249 2509 340 2560 Naides
353 2512 481 2575 ignorant,
493 2513 588 2575 ignorat
602 2515 626 2560 δι
636 2512 736 2560 inachus
751 2511 816 2576 ipse,

250 2587 308 2648 Quae
318 2591 349 2637 sit
359 2607 365 2636 :
380 2602 404 2637 at
415 2587 457 2636 illa
467 2603 557 2652 patrem
571 2589 688 2654 sequitur,
696 2589 847 2654 sequiturque
857 2590 964 2641 sorores:

250 2665 280 2714 Et
300 2668 389 2729 patitur
407 2669 486 2730 tangi,
504 2666 573 2731 seque
594 2665 765 2716 admirantibus
780 2666 862 2716 offert.

202 2743 378 2809 contemptas
394 2744 472 2794 senior
488 2759 622 2810 porrexerat
637 2746 736 2795 lnaehus
752 2747 853 2796 herbas:

251 2823 296 2873 Illa
312 2839 396 2873 manus
415 2823 519 2882 lambit,
535 2826 662 2888 patriisque
679 2823 720 2873 dat
735 2824 816 2873 oscula
830 2822 915 2888 palmls
924 2841 933 2885 3

250 2901 302 2951 Nec
319 2903 405 2950 retinet
418 2900 534 2962 lacrymas
547 2918 553 2946 t
567 2903 606 2956 dt,
622 2903 640 2947 si
652 2898 728 2948 mndd
738 2903 810 2949 verba
821 2903 946 2967 sequnntur
954 2934 965 2963 ,

251 2979 310 3027 Oret
322 2994 394 3042 opem
408 2995 416 3036 ς
434 2992 570 3042 nomenque
581 2975 666 3032 suum,
684 2979 795 3044 casusque
811 2977 932 3044 loquatur.

251 3056 329 3104 Litera
342 3071 386 3120 pro
405 3053 499 3114 verbis,
512 3069 584 3119 quam
597 3070 637 3118 pes
655 3058 680 3104 in
691 3056 792 3120 pulvere,
799 3055 883 3118 ducit,

203 3133 218 3170 ὅ
222 3139 230 3186 5
235 3131 366 3197 0Corporis
385 3130 501 3202 indicium
513 3134 599 3180 mutati
613 3132 675 3180 triste
686 3134 785 3200 peregit.

251 3211 293 3261 Me
301 3209 428 3260 nuseium!
440 3209 557 3259 exclamat
566 3225 632 3276 pater
643 3212 742 3261 loaehus
754 3215 839 3281 :inque
847 3216 964 3278 gementis
