2334 4150
284 561 711 636 Mrrauont’uostou
727 559 764 626 L.
786 559 829 628 V.
859 579 919 648 ¹05

203 679 278 732 Dixit
291 718 300 744 ,
319 684 349 731 ab
360 683 427 732 hoste
438 697 518 747 petam
530 701 537 730 t
547 683 629 732 vultus
639 684 738 732 avertite
749 681 854 740 vestros,

204 764 231 810 st
244 767 298 828 quis
310 765 401 812 amicus
410 760 474 811 adest
485 781 491 811 t
504 767 528 812 &
540 765 661 827 Gorgonis
672 763 758 812 extulit
771 777 822 810 ora.
932 759 975 806 rio

205 839 296 899 Quaere
309 841 404 900 alium,
421 852 462 888 tua
472 857 545 905 quem
557 857 672 892 moveant
685 839 820 898 miracula,
837 837 899 887 dixit

204 914 356 962 Thescelus:
370 929 443 978 utque
455 929 527 962 manu
540 914 645 979 jaculum
659 913 730 962 fatale
745 913 845 977 parabat

204 990 327 1050 Mittere,
346 994 372 1040 in
384 994 431 1040 boc
443 992 510 1040 haesit
521 994 616 1056 signum
628 989 658 1040 de
669 1005 788 1040 marmore
801 989 874 1054 gestu.

204 1067 334 1116 Proximus
344 1070 400 1116 huic
410 1068 521 1132 Ampyx:
534 1071 610 1116 animi
621 1066 756 1132 plenissima
769 1068 850 1131 magni

204 1147 307 1198 Peliora
318 1144 432 1208 Lyncidae
442 1144 524 1211 gladio
535 1149 595 1210 petit
611 1165 618 1194 t
633 1149 704 1212 inque
715 1143 818 1212 petendo
932 1148 973 1211 185

203 1223 310 1273 Dextera
321 1222 441 1288 diriguit,
455 1239 499 1272 nec
511 1227 665 1283 einamma,
682 1240 725 1272 nec
738 1223 809 1272 ultra.

203 1304 240 1352 alt
252 1302 336 1352 Nileus
347 1338 356 1362 ‚
372 1305 448 1368 quise
461 1307 568 1368 genitum
580 1303 732 1369 septemplice
745 1302 803 1352 Nilo

201 1378 340 1429 Ementitus
351 1395 420 1436 etat,
436 1379 521 1444 clypeo
532 1398 629 1446 quoque
641 1379 741 1430 flumina
754 1382 843 1444 septem

203 1456 312 1520 Argento
322 1459 429 1522 partim,
448 1460 535 1522 partim
546 1458 669 1508 caelaverat
680 1475 754 1527 aut03

201 1532 306 1596 Aspice.
322 1520 375 1594 ait,
389 1534 491 1593 Persen,
509 1529 592 1584 nostrae
606 1535 735 1600 primordia
746 1536 839 1598 gentis:
927 1543 972 1584 ¹90

200 1610 295 1676 Magna
307 1612 368 1661 seres
381 1617 464 1663 tacitas
478 1613 563 1663 solatia
574 1617 659 1662 mortis
670 1612 702 1664 ad
716 1615 826 1672 umbras,

200 1689 226 1738 A
240 1703 308 1738 tanto
322 1687 432 1739 cecidisse
446 1694 517 1740 viror
529 1708 582 1755 pars
598 1691 683 1742 ultima
693 1694 759 1740 vocis

201 1763 232 1813 ln
247 1764 330 1816 medio
344 1765 463 1834 suppreffa
478 1770 538 1817 sono
553 1769 586 1817 est
598 1788 603 1818 :
617 1767 774 1834 adapertaque
784 1767 847 1820 velle

201 1841 253 1892 Ora
264 1842 333 1908 loqui
344 1843 442 1903 credas,
460 1861 504 1894 nec
515 1847 569 1895 sunt
580 1863 607 1894 ea
618 1850 697 1910 pervia
707 1848 793 1896 verbis.

201 1910 313 1977 increpat
324 1918 383 1974 hos3
394 1917 509 1983 Vitioque
517 1923 607 1978 animi,
620 1937 668 1970 non
677 1923 795 1976 crinibus,
805 1925 884 1988 inquit
894 1959 901 1983 ,
925 1943 965 1986 ¹95

201 1988 338 2054 Gorgoneis
355 1996 472 2058 torpetis,
490 1995 552 2048 Ervx
565 1999 695 2045 :incurrite
708 2013 820 2056 mecum3

198 2062 233 2114 Et
244 2066 383 2130 prosternite
393 2071 462 2118 humi
472 2073 582 2135 Juvenem
594 2076 685 2137 magica
696 2090 762 2123 arma
771 2088 919 2124 moventem.

198 2141 340 2193 Incursurus
351 2161 399 2195 erat
411 2165 417 2195 z
431 2151 507 2197 tenuit
516 2148 613 2214 velligia
627 2148 714 2209 tellus3
731 2174 736 2182 =

198 2219 367 2288 immotusque
378 2223 436 2272 silex
447 2259 456 2280 ,
471 2241 608 2291 armataque
619 2232 706 2277 mansit
718 2231 808 2294 imago.

198 2296 234 2346 Hi
246 2313 327 2348 tamen
338 2317 366 2348 ex
377 2304 465 2351 merito
474 2319 571 2367 poenam
581 2306 690 2365 subiere,
703 2304 742 2357 sed
754 2324 813 2357 unus
920 2331 967 2365 teo

197 2374 275 2423 Miles
284 2392 334 2425 erat
344 2378 436 2437 Persei,
451 2396 495 2442 pto
506 2397 555 2445 quo
566 2379 624 2429 dum
635 2399 741 2447 pugnat,
753 2386 890 2449 Aconteus,

198 2452 315 2517 Gorgone
326 2456 466 2520 wulpem,
479 2459 534 2506 saxo
545 2463 667 2509 concrevit
676 2463 773 2512 oborto.

198 2528 280 2587 Quem
290 2547 353 2581 tatus
366 2533 476 2597 Astyages
486 2537 618 2584 etiamnum
629 2540 724 2599 vivere,
736 2540 819 2607 longo·

196 2607 261 2657 Ense
272 2610 343 2660 ferit:
354 2612 434 2661 sonuit
446 2613 571 2662 tinnitibus
581 2619 642 2665 ensis
652 2621 735 2668 acutis.

196 2684 267 2735 Dum
279 2688 353 2753 stupet
364 2690 474 2755 Astyages
484 2726 493 2749 ,
504 2706 615 2740 naturam
627 2698 697 2743 traxit
709 2698 835 2762 eamdem,

196 2762 270 2813 Mam
281 2782 309 2814 or
316 2784 386 2831 toque
398 2782 479 2816 manet
488 2768 568 2817 vultus
582 2775 690 2819 mirantis
701 2776 726 2822 in
738 2792 788 2825 ore.

195 2837 307 2889 Nomina
319 2842 388 2905 ionga
399 2858 468 2890 mota
477 2843 510 2891 est
518 2843 599 2893 medici
609 2843 638 2895 de
648 2847 717 2910 plebe
727 2852 835 2902 uirorum
916 2857 922 2882 r

195 2915 284 2965 Dicere
296 2937 302 2965 :
315 2921 350 2967 bis
361 2935 457 2969 centurn
467 2922 585 2971 restabant
595 2940 695 2991 corpora
706 2944 790 2995 pugnae
801 2950 810 2991 3

197 2995 329 3058 Gorgone,
348 2997 383 3044 bis
393 3013 489 3045 centum
502 3001 624 3062 riguerunt
634 3019 733 3069 corpora
743 3042 752 3068 ,
762 3009 822 3063 visi.

194 3066 301 3118 Poenitet
312 3072 392 3135 injusti
403 3088 465 3121 nunc
476 3071 579 3139 denique
590 3076 677 3127 Phinea
688 3080 755 3131 belli.

194 3142 241 3192 Sed
252 3144 311 3210 quid
322 3156 396 3211 agat?
413 3149 539 3201 simulacta
547 3151 614 3202 ridet
626 3153 716 3205 diversa
728 3158 827 3224 figuris,

194 3220 358 3293 Agnoscitque
366 3228 421 3277 suos
433 3244 441 3278 .·
453 3231 478 3279 bt
489 3232 589 3281 nomine
600 3248 718 3301 quemque
731 3254 830 3293 vocatos

750 3327 805 3381 Eu
