2334 4150
195 472 627 539 MntAtroarnosnou
652 415 691 535 l.
715 469 783 536 IV.
822 491 863 560 95

145 596 227 645 Arbor
239 612 246 642 :
259 596 285 642 δι
294 593 360 639 bunc
370 587 456 654 prada
466 588 565 638 titulum
574 589 634 638 love
643 603 713 638 natus
723 589 829 638 habebit.

146 673 175 723 ld
187 687 321 727 metuens,
338 665 539 732 solidispomaria
548 667 664 718 clauserat
676 665 742 716 Atlas
874 673 917 723 645

146 752 294 807 Moenibus,
311 745 413 797 &vasto
423 742 520 795 dederat
531 743 646 798 seruanda
656 743 773 803 draconi;
907 742 909 751 ’

147 831 303 894 Arcebatque
311 826 359 873 suis
369 838 478 872 externos
489 821 576 872 finibus
587 839 670 874 ornnes
722 818 729 830 ⁸

148 909 212 958 Huic
224 921 341 972 quoque,
352 900 422 951 Vade
431 901 515 966 procul
526 937 535 960 ,
546 919 576 951 ne
588 902 659 968 longi
669 902 746 968 gloria
756 918 835 952 terum
846 935 856 962 ,

149 986 214 1046 Quas
227 984 356 1039 mentiris,
370 984 421 1037 ait,
433 978 505 1044 longi
516 982 560 1028 tibi
570 980 677 1046 luppiter
687 983 757 1030 absit.

148 1063 257 1128 Vimque
268 1062 341 1109 minis
352 1056 421 1108 addit
434 1076 439 1105 :
451 1057 589 1124 foribusque
601 1060 716 1124 expellere
727 1075 804 1111 tentat
874 1062 921 1116 ⁶50

150 1141 333 1192 Conditorem,
348 1140 372 1184 δι
383 1133 484 1200 placidis
493 1139 634 1188 miscentem
647 1138 719 1188 sortia
730 1138 806 1190 disiis.

150 1219 250 1268 Viribus
259 1216 377 1273 inferior,
391 1217 443 1281 quis
455 1217 519 1264 enim
530 1233 572 1280 par
582 1213 641 1266 effet
652 1217 743 1269 Atlanti
808 1246 810 1252 ι

150 1295 269 1347 Viribus?
287 1296 318 1343 At
329 1298 445 1360 quoniam
456 1298 521 1358 parvi
533 1297 577 1346 tibi
582 1299 664 1359 ‚gratia
674 1297 753 1346 nostra
763 1296 796 1346 est
805 1314 813 1355 ς

152 1376 241 1440 Accipe
251 1389 339 1422 munus
350 1407 359 1430 ,
376 1375 410 1421 ait
421 1390 428 1420 z
441 1361 548 1439 lassique
557 1389 572 1421 a
581 1389 648 1437 patre
659 1409 667 1432 ‚
682 1373 806 1436 Medusa,

151 1453 204 1519 lpse
215 1452 379 1505 retroversus,
395 1450 527 1517 squalentia
536 1449 647 1516 prodidit
656 1470 707 1502 ora.
874 1454 918 1506 655

153 1532 263 1592 Quantus
271 1545 321 1578 erar
331 1563 339 1588 ‚
351 1545 422 1577 mons
432 1528 506 1578 factus
518 1529 594 1579 Atlas.
605 1530 658 1578 lam
669 1531 741 1580 barba
751 1547 875 1599 comaeque

154 1611 182 1660 ln
192 1610 265 1659 silvas
277 1609 366 1656 abeunt
377 1625 384 1655 e
395 1611 451 1671 juga
460 1609 516 1656 sunt
525 1611 667 1675 humerique
677 1624 826 1674 manusque.¹

154 1687 229 1749 Quod
241 1702 314 1751 caput
324 1701 379 1736 ante
390 1685 454 1746 fuit,
466 1688 561 1737 summo
573 1690 606 1736 est
614 1691 640 1736 in
652 1702 734 1737 monte
745 1703 874 1746 cacumen3

155 1764 213 1815 offa
223 1766 284 1830 lapis
295 1763 373 1814 fiunt:
387 1778 440 1813 tum
450 1780 528 1828 partes
543 1769 622 1815 attilus
632 1769 657 1814 in
668 1783 751 1816 ornnes

155 1844 276 1896 Crevitin
285 1844 446 1902 immensum,
460 1841 511 1908 (sic
523 1877 532 1900 ‚
544 1840 596 1903 Di,
610 1843 738 1911 statuistis)
750 1849 776 1897 bc
785 1863 858 1896 omne
876 1859 924 1899 660

155 1924 223 1975 Cum
234 1938 273 1973 tot
283 1921 398 1972 sideribus
408 1924 499 1973 coelum
509 1925 627 1989 requievit
637 1926 662 1972 in
672 1923 726 1974 illo.

188 2084 318 2135 Clauserat
328 2081 476 2149 Hippotades
485 2098 575 2133 aterno
585 2100 678 2137 carcere
688 2100 773 2135 ventos
782 2103 790 2144 ς
890 2082 893 2087 '

156 2162 351 2226 Admonitorque
361 2178 461 2226 operum
471 2197 480 2221 ,
491 2162 556 2212 coelo
566 2162 710 2213 clarissimus
721 2163 790 2217 alto,

156 2242 254 2291 Ltrciser
264 2256 333 2290 ortus
341 2255 392 2291 erat
402 2260 409 2288 ε
421 2244 503 2305 pennis
514 2242 574 2306 ligat
585 2241 628 2291 ille
638 2243 747 2293 resumtis

156 2321 228 2369 Parte
238 2321 268 2367 ab
279 2318 379 2383 utrique
389 2317 480 2383 pedes,
493 2319 590 2386 teloque
602 2323 734 2386 accingitur
748 2337 827 2382 unco;
879 2333 923 2387 665

156 2399 189 2449 Et
200 2394 321 2463 liquidum
332 2400 405 2446 motis
415 2397 530 2446 talaribus
539 2404 592 2447 a'e'ra
604 2396 684 2448 findit.

158 2477 278 2526 Gentibus
289 2478 419 2524 innumeris
429 2477 568 2541 circumque
579 2477 689 2545 infraque
700 2478 805 2541 feliciis,

158 2553 303 2617 AEthiopum
314 2553 435 2619 populos,
451 2553 559 2621 Cepheia
570 2558 688 2621 conspicit
697 2572 763 2609 arva.

158 2632 213 2683 illic
223 2635 369 2695 immeritam
379 2642 494 2683 materna
504 2633 607 2700 pendere
618 2634 704 2699 lingua

158 2709 333 2763 Andromedan
342 2725 425 2777 poenas
433 2712 532 2777 injustus
541 2710 639 2778 jusserat
649 2713 781 2763 Hammon.
799 2750 801 2755 .
882 2726 928 2774 670

159 2791 242 2850 Quam
253 2790 326 2840 simul
337 2789 449 2841 adducas
459 2790 585 2856 religatam
597 2792 692 2841 brachia
699 2806 783 2841 cautes

159 2867 232 2917 Vidit
242 2866 404 2928 Abantiader3
419 2872 465 2919 nisi
474 2867 542 2936 quod
549 2870 611 2921 'levis
622 2884 678 2921 aura
689 2869 789 2936 capillos

160 2946 276 2997 Moverat
287 2980 295 3005 ,
311 2946 439 3013 &trepido
450 2950 579 3002 manabant
590 2948 681 2999 lumina
691 2948 748 3001 fletu
761 2968 768 3010 3

160 3025 330 3075 Marmoreum
340 3041 404 3075 ratus
413 3024 471 3076 esset
481 3044 549 3092 opus.
563 3026 648 3079 Trahit
659 3030 745 3077 inscius
755 3032 821 3093 ignes
833 3044 839 3085 3

160 3102 192 3151 Et
203 3104 282 3168 stupet
292 3123 299 3153 r
312 3110 336 3154 it
347 3107 404 3155 visa
416 3118 538 3171 correptus
549 3109 653 3172 imagine
666 3108 751 3160 formae
762 3141 770 3168 ,
882 3116 925 3165 675

161 3180 232 3230 Paene
242 3183 295 3231 suas
305 3198 403 3249 quatere
411 3185 446 3234 est
455 3185 546 3236 oblitui
554 3188 581 3235 in
591 3191 645 3238 aire
652 3202 749 3252 pennas.
