2334 4150
301 521 368 590 192
443 497 485 578 P.
508 503 665 572 Ournrr
684 507 876 575 NAsonrs
971 514 974 518 ‘

296 623 379 675 Hirtus
390 639 439 675 erat
449 614 534 684 erinis,
546 641 603 676 cara
611 626 706 677 lumina
717 646 724 675 r
736 627 813 692 pallor
821 633 848 677 iu
859 645 903 678 ote
914 633 925 690 l

296 703 372 752 Labra
382 706 464 751 incana
474 709 519 752 situ
531 738 539 762 ‚
552 705 638 752 scabra
647 707 756 768 rubigine
767 705 845 755 fauces
855 725 861 754 s

296 781 362 830 Dura
375 784 434 830 curis
447 816 453 840 ‚
467 797 509 844 per
526 797 599 846 quam
610 783 706 846 speslari
717 783 805 832 viscera
815 781 919 846 poliens.

292 857 352 907 vOssa
363 859 403 905 sub
420 861 522 906 incurvis
540 859 661 907 exstabant
671 857 736 907 arida
748 859 845 908 lumbis.

246 934 389 997 805Ventris
405 950 454 986 erar
468 951 511 1000 pro
526 951 609 984 ventre
624 936 690 985 locus
700 955 706 985 z
718 935 820 1000 pendere
832 951 927 1001 putarer
953 984 955 986 ,

295 1016 389 1068 Pesius,
402 1015 533 1079 &aspinae
549 1012 719 1063 tantummodo
733 1029 796 1063 crate
813 1017 899 1063 teneri.

292 1093 395 1142 duxerat
406 1091 517 1142 articulos
529 1095 615 1140 macies
628 1127 636 1150 ‚
647 1108 798 1158 genuumque
808 1091 902 1155 rigebat

293 1169 364 1218 Orbis
378 1205 384 1227 ,
408 1173 432 1218 δι
442 1167 576 1218 immodico
584 1167 713 1233 prodibant
721 1170 803 1218 tubera
813 1170 873 1220 talo.

293 1247 361 1296 Hauc
382 1247 464 1312 procul
476 1262 502 1295 ut
511 1245 572 1296 vidit
584 1281 593 1306 ,
604 1263 682 1312 neque
693 1251 757 1296 enim
770 1249 802 1296 est
820 1245 931 1296 accedere
941 1250 1011 1311 Juxta

245 1322 355 1375 Srodusa
368 1360 376 1385 ,
391 1325 464 1374 refert
478 1323 591 1374 mandata
612 1323 686 1382 θοις
697 1323 841 1390 paulumque
852 1339 964 1382 morata,
1023 1334 1026 1341 '

242 1407 396 1468 Quamquam
407 1398 577 1464 aberarloug'd,
586 1417 732 1470 quamquam
744 1400 820 1450 modb
828 1415 926 1450 venerat
933 1400 1008 1463 illuc,

292 1482 349 1533 Visa
360 1495 440 1529 tamen
451 1475 548 1528 sensise'
555 1477 653 1528 Famem
663 1513 671 1534 ,
683 1493 793 1544 retroque
806 1476 920 1526 dracones

291 1557 348 1623 Egit
359 1557 560 1613 in'Haemonium
571 1558 644 1607 versis
655 1555 761 1604 sublimis
772 1556 879 1603 habenis.

325 1635 394 1684 Diua
413 1633 494 1681 Fames
511 1631 620 1689 Cereris,
630 1637 739 1702 quamvis
745 1635 862 1681 contraria
872 1633 968 1697 semper

241 1707 357 1770 dirlllius
371 1711 403 1758 est
414 1712 479 1776 operi
490 1743 497 1765 ,
510 1712 600 1771 peragit
608 1723 717 1777 sperque
732 1714 785 1758 asra
796 1723 869 1767 vento

289 1787 327 1836 nd
343 1783 427 1850 jussam
443 1783 522 1832 delata
533 1781 634 1832 domum
649 1785 683 1835 est
693 1802 700 1831 r
712 1789 736 1832 st
748 1789 856 1849 protinus
868 1788 944 1836 intrat

288 1863 400 1926 Sacrilegi
413 1859 544 1914 thalamoni
557 1859 655 1924 altoque
668 1861 752 1924 sopore
764 1861 885 1922 solutum,

288 1939 371 1989 Neslis
383 1951 432 1986 erat
447 1951 556 2000 tempus,
568 1939 668 2000 geminis
681 1936 830 1999 amplenirur
838 1937 882 1986 alis
894 1957 903 1988 s

289 2017 365 2083 Seque
379 2018 431 2064 viro
442 2015 539 2080 inspirat
552 2047 559 2073 ,
575 2012 717 2081 faucesque,
730 2018 754 2062 δι
768 2017 846 2080 Ρσᾶιιε
859 2020 884 2065 δι
894 2033 938 2079 ora

240 2082 376 2153 imarum,
393 2100 416 2143 ᾱ
430 2096 455 2142 in
468 2096 547 2141 vacuis
558 2094 645 2157 spargit
659 2096 747 2157 jejunia
756 2097 831 2143 venis.

289 2172 420 2238 Punslaque
431 2170 557 2230 mandato,
570 2169 701 2219 fecundum
711 2168 796 2220 deserit
806 2173 909 2233 orbem
974 2171 977 2175 ’
1053 2179 1059 2190 ’

286 2248 361 2314 Inque
371 2246 458 2298 domos
471 2251 569 2313 inopes,
581 2244 670 2299 affuere
681 2282 689 2306 ,
702 2253 840 2308 revertitur,
853 2266 918 2298 arva.

318 2325 387 2375 Lenis
398 2323 475 2379 adhuc
487 2326 582 2376 somnus
593 2322 693 2389 placidis
700 2325 865 2374 Erisiclrdrona
875 2332 961 2392 pennis

285 2400 418 2457 Mulcebat.
437 2402 498 2450 Petis
508 2401 550 2449 ille
562 2398 634 2466 dapes
649 2402 692 2448 sub
701 2404 805 2465 imagine
817 2404 895 2451 somni
906 2437 915 2463 ,

238 2478 380 2545 8250raque
399 2495 460 2528 vana
470 2491 567 2536 movet,
584 2475 728 2543 dentemque
735 2481 761 2525 in
771 2476 842 2528 dente
852 2479 937 2546 fatigat
947 2499 956 2530 s

284 2557 429 2625 Exercetque
446 2557 501 2605 cibo
518 2554 625 2603 delusum
641 2569 722 2619 guttur
739 2559 820 2616 inani,

182 2626 185 2635 ’
284 2634 377 2701 Proque
397 2632 473 2699 epulis
486 2648 566 2682 tenues
588 2636 748 2702 nequicquam
759 2631 943 2683 devoratauraa.

283 2712 320 2763 Ut
334 2708 391 2769 verb
408 2712 441 2759 est
451 2710 545 2775 expulsa
556 2713 637 2779 quies,
649 2710 708 2762 furit
720 2709 790 2759 ardor
800 2707 885 2759 edendi
897 2744 905 2769 ,

283 2786 374 2855 Perque
384 2787 463 2840 avidas
479 2787 556 2843 fauces
568 2791 730 2853 immensaque
739 2790 827 2837 viscera
834 2801 925 2852 regnat.

236 2864 336 2927 830Nec
346 2882 427 2915 mora:
440 2864 506 2931 quod
514 2879 610 2933 pontus,
622 2865 689 2931 quod
698 2881 766 2918 terra,
779 2864 845 2931 quod
853 2864 999 2928 educatae'r,

283 2944 381 3005 Poscit3
400 2946 424 2991 bc
446 2944 557 3008 appositis
573 2946 679 3007 queritur
693 2944 780 3007 ieiunia
789 2946 895 2990 mensise

128 3022 130 3029 ⁴
188 3052 189 3057 ,
281 3020 356 3084 Inque
373 3018 448 3084 epulis
462 3020 541 3089 epulas
552 3022 646 3089 quatit.
662 3017 780 3085 Quodque
789 3021 884 3067 urbibus
897 3018 964 3077 else,

282 3094 401 3167 Quodque
413 3098 466 3145 satis
477 3095 566 3163 populo
574 3110 667 3160 poterat
677 3131 684 3154 ‚
696 3110 745 3143 uon
756 3094 842 3145 suffieit
852 3100 903 3147 uni.

281 3174 382 3239 Plusque
393 3178 459 3241 cupit
466 3209 475 3237 ,
486 3192 535 3243 quo
541 3175 610 3241 plura
619 3178 687 3226 suam
699 3172 806 3227 demittit
814 3181 841 3227 lu
852 3178 945 3230 alvum.

916 3256 1006 3323 thue
