2334 4150
256 593 303 676 64
405 582 449 656 P,
484 586 640 654 Ovrorr
675 586 873 654 NAsoura

253 705 386 759 Addiderat
398 726 404 756 t
415 722 554 773 poteratque
565 722 639 771 puer,
656 710 795 773 juvenisque
810 704 900 755 videri·

254 786 329 835 Multi
339 784 409 835 illum
420 788 515 851 juvenes
527 820 535 844 ‚
551 785 634 833 muitae
646 786 739 849 cupiere
751 784 855 849 pueilaee

255 861 301 911 sed
319 862 365 911 fuit
384 866 409 910 in
426 861 505 910 teneri
523 876 572 910 tam
583 860 634 910 dira
646 863 753 925 superbia
765 860 861 919 sormi,

209 939 324 996 355Nulli
337 938 406 987 ilium
416 940 512 1003 juvenes
522 974 529 997 ,
542 939 615 987 nuilae
623 942 721 1003 tetigere
729 938 825 1003 pueliae.

255 1018 346 1081 Aspicit
365 1020 445 1076 hunc,
466 1015 570 1080 trepidos
584 1021 714 1081 agitantem
729 1020 754 1064 in
767 1019 826 1064 retia
836 1031 940 1077 certos,

255 1094 352 1142 Vocalis
363 1094 476 1159 Nymphe
486 1112 493 1152 3
505 1110 557 1159 quae
570 1110 613 1142 nec
629 1097 726 1143 reticere
737 1093 862 1159 loquenti,

255 1170 307 1221 Nec
321 1175 385 1236 prior
395 1172 444 1237 ipsa
459 1172 525 1236 loqui
539 1170 642 1227 didicit,
655 1171 793 1220 resonabilis
804 1172 880 1220 Echo.

254 1248 350 1313 Corpus
368 1247 445 1297 adhuc
459 1250 542 1303 Echo,
554 1266 605 1297 non
614 1265 661 1298 vox
671 1264 738 1298 erat:
752 1253 776 1298 ic
790 1264 869 1298 tamen
882 1250 951 1298 usum

209 1326 356 1387 360Garrula
365 1341 413 1375 non
425 1326 497 1374 alium
509 1360 516 1384 ,
530 1342 603 1391 quam
614 1342 678 1375 nunc
691 1328 778 1383 habet,
789 1330 837 1375 oris
849 1328 974 1387 habebat

256 1401 363 1453 Reddere
374 1403 403 1453 de
415 1404 497 1452 multis
509 1419 534 1453 ut
545 1405 617 1454 verba
627 1407 758 1453 novissima
773 1402 857 1469 posset,

255 1482 352 1531 Fecerat
367 1484 413 1531 hoc
424 1482 485 1530 Juno
497 1500 502 1529 :
515 1485 589 1540 quia,
608 1481 663 1530 crim
675 1480 820 1546 deprendere
831 1479 908 1546 posset

255 1560 303 1608 Sub
316 1560 374 1609 Jove
388 1560 446 1624 saepe
459 1560 500 1607 suo
514 1558 640 1623 Nymphas
652 1560 677 1607 in
692 1575 775 1608 monte
788 1562 907 1625 jacentes,

255 1637 300 1685 illa
311 1637 389 1685 Deam
402 1637 475 1701 longo
490 1635 592 1701 prudens
604 1637 712 1685 sermone
723 1638 835 1696 tenebat,

210 1714 323 1781 565Dum
339 1715 448 1779 fugerent
462 1714 590 1777 Nymphae.
603 1714 656 1763 Post
667 1714 742 1780 quim
757 1711 865 1765 Saturnia
883 1714 972 1777 sensit5

257 1792 350 1855 Huius,
370 1795 421 1845 ait,
434 1791 536 1855 iinguae,
551 1790 599 1855 quai
610 1792 662 1839 sum
673 1790 770 1850 delusa,
785 1792 886 1856 potestas

255 1868 330 1917 Parva
345 1869 388 1916 tibi
406 1865 515 1927 dabitur,
532 1871 646 1933 vocisque
659 1868 810 1919 brevissimus
828 1872 890 1919 usus.

256 1945 338 2009 Reque
348 1948 423 1993 minas
433 1944 526 1994 firmat:
535 1960 616 1994 tamen
627 1948 676 1994 haec
687 1950 712 1994 in
724 1946 770 1995 fine
782 1946 898 2013 loquendi

256 2021 389 2087 ingeminat
402 2038 472 2073 voces
484 2058 492 2085 ,
504 2020 633 2090 auditaque
645 2024 717 2076 verba
728 2014 842 2091 reportat.
881 2027 885 2033 ’

210 2189 256 2236 370
289 2182 353 2248 Ergo
370 2185 410 2232 ubi
421 2182 574 2240 Narcissum,
591 2202 633 2249 per
645 2183 714 2234 devia
725 2184 795 2234 instra
808 2201 957 2251 vagantem,

256 2259 343 2316 Vidit,
358 2265 382 2310 δι
393 2264 510 2312 incaluit:
524 2265 629 2329 sequitur
647 2265 742 2328 vestigia
754 2265 846 2312 furtim.

258 2330 362 2404 Quoque
373 2343 447 2403 magis
462 2342 585 2404 sequitur,
597 2340 695 2389 iiammi
709 2344 818 2405 propiore
832 2341 938 2391 calescit.

256 2415 315 2464 Non
333 2416 417 2474 aliter,
430 2417 503 2480 quint
513 2418 568 2465 crim
581 2420 678 2465 summis
688 2417 822 2466 circumlita
837 2415 906 2468 tedia

257 2491 386 2542 numeram
399 2498 492 2560 rapiunt
500 2498 592 2543 vivacia
603 2494 691 2541 sulfura
700 2493 834 2544 flammant.

210 2570 279 2619 3⁷50
291 2572 297 2619 Ξ
309 2575 402 2637 quoties
419 2571 498 2620 voluit
510 2570 602 2620 blandis
618 2569 728 2620 accedere
744 2569 831 2632 distis,

257 2649 288 2698 Et
303 2649 387 2698 molles
402 2647 513 2699 adhibere
523 2649 616 2714 preces!
630 2648 723 2698 Natura
733 2664 849 2714 repugnat
860 2685 869 2711 ‚

258 2727 309 2776 Nec
325 2731 382 2776 sinit
395 2730 507 2791 incipiat:
517 2725 575 2786 sed,
592 2726 658 2794 quod
674 2730 747 2787 sinit,
762 2729 806 2777 ilia
816 2744 897 2794 parata
907 2729 940 2779 est

257 2805 394 2870 Exspesiare
409 2808 479 2855 sonos
492 2841 500 2865 ‚
512 2803 541 2853 ad
552 2821 614 2871 quos
625 2807 666 2854 sua
676 2807 750 2856 verba
759 2810 874 2857 remittat.
893 2845 897 2852 .

257 2882 327 2932 Porti
342 2899 414 2947 puer,
432 2885 550 2933 comitum
569 2881 675 2932 seductus
691 2886 720 2932 ab
736 2887 831 2949 agmine
851 2883 921 2943 fido,

210 2954 355 3014 380Dixerat
367 2995 375 3019 ,
391 2961 478 3025 Ecquis
488 2958 565 3009 adest?
577 2965 620 3020 &,
632 2958 719 3019 Adest,
730 2960 883 3026 responderat
894 2962 971 3010 Echo.

257 3037 303 3087 Hic
318 3038 393 3102 stupet
404 3056 410 3085 r
423 3052 497 3103 utque
508 3040 584 3086 aciem
595 3053 672 3103 partes
682 3036 765 3088 divisit
774 3043 799 3088 in
808 3055 904 3096 omnes,

246 3115 338 3175 'Voce,
355 3117 416 3165 Veni
427 3151 436 3176 ,
451 3115 540 3164 clamat
550 3116 637 3180 magni
648 3135 655 3164 t
666 3133 738 3166 vocat
746 3117 789 3165 illa
801 3129 938 3164 vocantem.

257 3193 379 3257 Respicit:
393 3199 432 3253 δι,
444 3193 513 3243 nuilo
529 3196 607 3242 rursus
618 3194 746 3249 veniente,
762 3191 828 3252 Quid
840 3228 848 3251 ,
864 3195 967 3257 inquit,

257 3271 300 3320 Me
314 3271 395 3334 iugis?
415 3275 440 3321 ic
452 3270 572 3334 totidem,
584 3287 645 3339 quot
654 3271 732 3333 dixit,
743 3272 814 3324 verba
824 3274 922 3345 recepit.
954 3263 971 3308 -’
