2334 4150
207 519 630 586 MnnAMoarrrosnou
643 511 682 581 L.
700 515 764 581 XI.
791 522 855 604 263

149 637 269 703 Tempora
286 639 390 686 sortitus.
405 638 485 702 Frater
499 636 546 684 suit
556 635 732 694 Hesiorisiste3

150 715 214 775 Qut,
229 717 278 764 nisi
288 711 392 764 sensisset
402 713 479 778 primi
490 730 552 762 noua
563 712 614 762 fata
623 713 741 778 juventi,'

150 793 257 843 forsitan
268 792 365 842 inferius
378 808 427 840 non
439 792 538 842 Hesiore
549 808 639 840 nomen
648 793 763 852 habeteta

151 869 264 928 Quamvis
282 869 315 920 eli
324 869 393 918 illum
405 869 482 933 proles
493 871 560 918 enixa
571 869 708 931 Dymantis.

151 945 253 994 AEsacou
263 946 374 994 umbrosi
384 945 467 995 furtim
478 943 591 1011 peperisse
604 948 646 995 sub
658 945 701 996 lda

151 1025 233 1074 Fertur
248 1023 387 1082 Alexirbo'e'‚
405 1025 508 1074 Granico
523 1039 577 1073 nata
587 1025 688 1073 bicorni.

152 1099 242 1150 Oderat
251 1103 289 1150 hic
302 1101 383 1151 urbes:
393 1099 517 1167 nitidique
534 1118 639 1150 remotus
650 1103 678 1151 ab
690 1101 744 1154 aula

152 1181 258 1229 Secretos
275 1195 387 1239 montes,
404 1184 428 1232 ἔ(
442 1181 594 1233 inambitiosa
607 1181 703 1230 colebat

153 1259 215 1308 Rura
228 1276 234 1306 ε
246 1275 289 1307 nec
300 1258 384 1307 iliacos
395 1274 486 1319 coetus,
504 1263 549 1308 nisi
561 1275 640 1317 rarus,
652 1256 741 1306 adibat.

152 1335 210 1384 Non
220 1335 397 1398 agreiietamen
409 1371 416 1395 ,
427 1353 469 1384 nec
481 1336 663 1401 inexpugnabile
673 1337 757 1384 Amori

152 1413 233 1462 Pesius
244 1414 347 1472 habens,
363 1413 432 1462 silvas
443 1429 561 1476 captatam
573 1416 631 1477 saepe
646 1429 687 1476 per
697 1428 796 1467 omnes,

152 1491 244 1554 Aspicit
261 1479 389 1552 Hesperien
400 1490 475 1552 patrii
488 1488 624 1538 Cebrenida
634 1488 701 1553 ripa,

152 1567 252 1630 injectos
262 1567 366 1614 humeris
377 1569 503 1615 siccantem
514 1566 562 1614 sole
574 1560 682 1630 capillos.
865 1600 913 1645 770

152 1646 210 1694 Visa
228 1645 291 1710 sugit
308 1643 438 1708 Nymphe‚
457 1643 531 1692 veluti
542 1647 664 1708 perterrita
675 1642 770 1693 fulvum

154 1721 233 1773 Certa
252 1722 352 1786 lupum,
364 1721 481 1787 longique
497 1721 548 1770 lacu
564 1719 678 1786 deprensa
687 1722 769 1772 telino

153 1801 299 1862 Accipitrem
313 1797 414 1848 fluvialis
425 1817 490 1848 anas.
507 1799 586 1859 Quam
598 1799 686 1848 Troius
700 1796 779 1848 heros*

154 1877 287 1941 Insequitur
299 1895 305 1924 :
318 1877 464 1942 celeremque
479 1893 544 1926 metu
555 1877 616 1926 celet
628 1893 696 1942 urget
711 1895 800 1927 amore.

154 1953 216 2003 Ecce
228 1989 237 2013 ,
247 1953 319 2003 latens
330 1953 402 2002 berbi
412 1953 526 2013 coluber,
538 1955 650 2019 fugientis
660 1953 754 2004 adunco
866 1963 913 2011 775

154 2030 234 2080 Dente
244 2029 329 2095 pedem
341 2031 448 2093 stringit,
465 2035 574 2097 virusque
583 2035 608 2081 in
620 2049 718 2098 torpore
729 2033 817 2100 linquit
828 2066 837 2092 ,

156 2108 223 2157 Cum
233 2107 283 2157 vitai
298 2106 414 2172 suppressa
425 2110 480 2173 suga
491 2108 523 2157 est
534 2129 539 2157 :
553 2111 702 2173 ampleciitut
715 2127 795 2158 amens

157 2185 296 2235 Exanimem
306 2203 313 2243 3
325 2186 473 2251 clamatque,
485 2188 566 2251 Piget,
579 2191 643 2251 piget
653 2184 698 2235 effe
709 2190 815 2237 secutum
825 2204 834 2245 3

157 2260 203 2311 sed
212 2280 262 2311 non
270 2266 316 2311 hoc
327 2266 397 2311 timui
408 2282 414 2311 ι
424 2278 525 2312 necerat
535 2266 595 2313 mihi
605 2268 701 2316 ,vincere
711 2266 781 2313 tanti.

157 2338 306 2389 Perdidimus
316 2342 426 2389 miseram
436 2358 479 2389 nos
491 2355 513 2389 re
525 2338 574 2389 duo
584 2341 683 2389 :vulnus
695 2342 724 2389 ab
738 2358 834 2407 angue,
867 2342 916 2401 780

156 2418 177 2467 A
189 2436 228 2467 me
238 2410 306 2467 causa
316 2417 371 2468 data
381 2418 421 2467 est.
436 2418 486 2483 Ego
499 2421 542 2467 sim
552 2419 687 2467 sceleratior
696 2418 741 2467 illo
753 2454 762 2480 ,

157 2496 191 2545 Ni
208 2497 269 2555 tibi,
285 2513 362 2546 morte
372 2496 441 2556 mei,
453 2500 536 2546 mortis
547 2497 631 2546 solatia
641 2501 746 2547 mittam.

156 2574 227 2624 Dixit
238 2594 244 2622 τ
257 2578 282 2623 bc
300 2592 312 2624 e
322 2574 420 2638 scopulo
430 2609 438 2634 ‚
450 2592 521 2639 quem
533 2592 603 2623 rauca
614 2572 737 2624 subederat
747 2572 827 2629 unda,

158 2654 187 2700 Se
210 2649 278 2699 dedit
288 2654 313 2699 in
324 2665 435 2715 pontum.
451 2652 541 2714 Tethys
552 2654 663 2703 miserata
677 2651 803 2701 cadentem

157 2728 270 2778 Molliter
289 2729 381 2791 'excepit
393 2745 399 2778 t
411 2736 553 2795 nantemque
564 2747 605 2795 per
615 2746 710 2795 aequora
722 2732 805 2793 pennis
871 2723 916 2786 785

159 2806 252 2865 Texit,
273 2808 298 2854 δε
310 2819 396 2869 optate
409 2820 458 2854 nou
469 2806 501 2855 e'st
511 2806 566 2857 data
576 2809 645 2872 copia
661 2809 753 2857 mortio

158 2882 302 2949 indignatur
311 2898 392 2931 amana
401 2884 504 2932 invitum
517 2886 596 2933 vivere
611 2888 665 2949 cogi
675 2920 683 2944 ,

159 2960 301 3025 obstarique
312 2962 396 3009 anima:
408 2994 416 3019 ,
429 2960 513 3009 misera
524 2960 553 3010 de
564 2960 618 3010 sede
628 2962 720 3012 volenti

157 3035 239 3085 Exire.
250 3036 332 3103 thue
349 3053 422 3087 novas
432 3040 536 3087 humeris
547 3036 682 3089 ailumserat
690 3040 739 3089 alas
750 3075 759 3100 ,

159 3114 290 3165 Subvolatr
299 3130 368 3181 atque
379 3118 465 3164 iterum
474 3132 558 3180 corpus
569 3117 636 3181 super
646 3132 741 3182 aequora
752 3118 836 3166 mittit.
871 3122 920 3170 790

159 3190 248 3241 Pluma
261 3191 325 3246 levat
335 3194 408 3247 casus.
418 3193 485 3244 Furit
495 3194 592 3247 AEsacos
603 3213 609 3243 ε
622 3196 699 3261 inque
703 3192 852 3261 proscindunt

863 1217 908 1282 ⁷⁶5
995 1287 1001 1302 ι
