2334 4150
217 517 693 595 MrrArrorrrrrosrorrL
714 517 797 586 VH.
815 543 875 606 143

163 645 294 703 Hostibus
310 658 352 692 aut
362 639 434 691 avido
446 638 542 688 dabitur
553 638 603 688 fera
613 635 693 703 praedr
710 635 818 689 draconi.

163 709 219 776 slot
237 739 284 786 ego
297 724 316 770 ei
327 722 419 786 patiar,
436 733 488 766 tum
498 734 537 766 me
554 715 584 766 de
597 713 682 780 tigride
690 730 773 765 natam
784 751 792 776 ‚

164 801 230 848 Turn
242 800 332 850 i'errum
348 802 374 846 bt
390 795 501 860 scopulos
511 795 599 859 gestare
617 797 643 842 in
658 789 732 843 cbrde
748 794 850 844 fatebor.

164 876 217 928 Cur
227 893 279 926 uon
293 879 319 926 bc
331 876 409 940 spello
419 876 576 938 pereuntem?
592 871 724 938 oculosque
738 871 845 923 videndo

165 953 332 1005 Conseeleroi
347 952 402 1004 Cur
411 967 462 1000 non
472 967 552 999 tauros
565 953 678 1001 exhortor
689 955 715 1000 in
724 951 814 1012 illum,
903 970 928 1016 ,ς

166 1030 355 1096 Terrigenasque
365 1029 428 1078 feror
440 1062 448 1088 ‚
460 1029 638 1094 insopitumque
653 1027 800 1079 draconem?

165 1105 200 1157 Di
212 1109 314 1158 meliora
323 1106 410 1157 velint!
428 1123 576 1172 quamquam
591 1123 641 1156 non
651 1107 693 1155 illa
700 1105 834 1172 precanda,

166 1183 215 1236 Sed
225 1183 335 1235 facienda
346 1187 415 1234 mihi.
425 1181 558 1233 Prodamne
573 1201 619 1248 ego
635 1199 707 1250 regna
717 1189 836 1249 parentini

167 1262 246 1329 Atque
267 1279 313 1327 ope
322 1264 403 1311 nescio
413 1264 466 1329 quir
476 1262 608 1311 servabitur
622 1260 713 1312 advena
722 1262 818 1312 nostrii

139 1376 148 1390 .
168 1340 203 1388 Ut
213 1357 255 1404 per
264 1356 304 1388 me
313 1341 406 1404 sospes,
420 1341 470 1388 sine
480 1356 519 1388 me
534 1337 576 1388 det
585 1339 659 1390 lintea
669 1343 762 1390 ventis?
900 1365 932 1410 40

168 1416 260 1484 Virque
276 1421 306 1469 sit
326 1417 439 1474 alterius,
457 1432 534 1481 pane
551 1414 639 1466 Media
653 1417 786 1483 relinquar?

168 1495 192 1552 Si
203 1494 282 1544 facere
296 1497 342 1544 boc
348 1529 357 1555 ,
368 1493 471 1543 aliamve
481 1493 558 1559 potest
570 1510 707 1558 preponere
718 1497 800 1556 nobie,

167 1571 272 1624 Occidet
282 1575 397 1637 ingratus.
417 1568 465 1620 Sed
475 1587 527 1620 non
537 1574 557 1618 is
570 1571 651 1622 vultus
667 1574 693 1619 in
705 1571 749 1620 illo
761 1607 769 1632 ,

168 1649 226 1699 Non
238 1667 266 1700 ea
280 1649 394 1700 nobilitas
405 1651 488 1698 animo
497 1648 531 1697 est
540 1682 550 1707 ‚
559 1665 587 1698 ea
597 1650 673 1714 gratia
684 1648 784 1708 form23

167 1727 203 1776 Ut
220 1732 321 1778 timeam
329 1725 460 1787 fraudem,
473 1728 602 1793 meritique
616 1726 707 1778 oblivia
717 1727 798 1776 nostri.
901 1749 931 1796 45

168 1805 200 1854 Et
211 1803 345 1854 dubitante
362 1803 436 1854 fidem
448 1824 454 1852 ι
466 1821 601 1869 cogamque
617 1807 642 1853 in
653 1802 744 1854 fudere
755 1805 821 1856 tester

168 1881 224 1932 Effe
235 1883 309 1934 Deos.
324 1880 390 1944 Quid
401 1897 453 1932 tuta
465 1885 549 1932 times?
564 1886 702 1948 accingere,
719 1887 744 1934 bc
755 1899 854 1934 omnent

170 1961 236 2011 Pelle
250 1977 343 2012 moram
353 1979 359 2008 ε
369 1961 413 2009 tibi
427 1961 450 2008 se
465 1962 555 2025 semper
564 1958 662 2012 debebit
675 1962 762 2010 lason:

170 2041 206 2090 Te
221 2040 272 2090 face
290 2038 401 2089 sollemni
411 2041 494 2104 junget
505 2040 549 2088 sibi
561 2057 566 2087 r
578 2055 666 2105 perque
677 2039 784 2105 Pelasgae

85 2172 86 2179 χ
170 2121 289 2168 servatrix
300 2118 368 2167 urbes
379 2131 485 2165 matrum
494 2116 642 2170 celebrabere
653 2117 731 2165 rurbi.
906 2131 935 2174 ςο

170 2196 235 2262 Ergo
243 2212 289 2261 ego
297 2211 449 2261 germanam,
458 2194 615 2261 fratremque,
624 2209 748 2259 patremqe
758 2195 869 2263 Deosque
878 2234 885 2256 ‚

169 2274 202 2325 Et
222 2274 301 2326 natale
312 2272 408 2331 solum,
418 2275 495 2323 ventis
505 2272 600 2331 ablata,
611 2272 764 2339 relinquam?

171 2352 267 2417 Nempe
281 2366 347 2417 pater
364 2353 451 2411 serus,
468 2366 554 2417 nempe
561 2350 594 2403 est
608 2368 662 2401 mea
673 2353 769 2403 barbara
780 2352 869 2425 tellus,

171 2428 253 2478 Frater
263 2428 341 2481 adbuc
349 2429 428 2478 infans
436 2447 443 2479 e
452 2428 512 2478 stant
522 2446 617 2479 mecum
627 2446 685 2482 vota
694 2432 789 2484 sororis.

171 2507 293 2558 Maximus
304 2510 368 2557 iutra
377 2525 417 2557 me
426 2507 491 2556 Deus
500 2508 542 2559 est.
553 2507 612 2557 Non
621 2525 708 2575 magna
718 2511 852 2579 relinquam
862 2530 870 2571 ς
907 2535 934 2584 55

172 2585 265 2649 Magna
280 2587 382 2651 sequar,
395 2585 493 2635 titulum
503 2587 598 2636 servate
614 2589 682 2651 pubis
697 2588 810 2650 leuve,

172 2661 342 2731 Notitiamque
356 2663 406 2713 loci
421 2663 546 2723 melioris,
557 2667 583 2713 bt
595 2659 699 2729 oppidi.
711 2682 815 2731 quorum

173 2740 222 2789 Hic
236 2758 333 2810 quoque
344 2742 408 2793 fama
418 2745 501 2807 viget,
512 2743 637 2809 cultorque
648 2758 756 2809 artesque
764 2748 887 2805 virorum3

175 2818 303 2885 Quemque
320 2836 383 2885 ego,
394 2836 451 2869 curn
462 2821 531 2869 rebus
538 2836 596 2885 quas
603 2834 668 2869 totus
678 2818 783 2886 postidet
793 2824 872 2884 orbis,

173 2897 307 2949 AEsoniden
319 2895 419 2949 murail'e
427 2898 502 2948 velim
513 2916 520 2947 e
532 2914 583 2964 quo
594 2903 696 2965 conjuge
707 2899 765 2949 felix
906 2916 937 2951 60

174 2975 208 3025 Et
224 2977 270 3025 Dis
286 2994 340 3027 care
349 2978 428 3037 setar,
448 2982 473 3025 bt
483 2979 572 3028 vertice
581 2975 659 3027 sidera
669 2993 774 3044 tangama

177 3052 258 3115 Quid}
270 3053 348 3122 ‘quod
356 3057 438 3107 nescio
448 3056 490 3119 qui
497 3052 583 3105 mediis
592 3072 733 3107 concurrere
738 3057 844 3111 iuundir

176 3132 298 3182 Dicuntur
312 3149 425 3195 montes,
440 3135 575 3198 ratibusque
584 3137 683 3185 inimica
691 3135 845 3201 Charybdis,

177 3210 248 3262 Nunc
261 3211 477 3273 sorberesremru,
489 3227 554 3281 nuuc
566 3210 683 3277 reddete5
695 3216 816 3282 eindiaque
826 3218 891 3267 sevis
