2334 4150
292 563 720 632 Maramoarrrosnou
735 555 773 626 L.
789 557 852 628 VI.
873 581 939 644 129

222 685 344 750 imposito
356 685 441 740 fratri,
456 677 600 731 moribunda
610 679 730 745 relanguit
744 695 795 728 ore.

221 765 323 822 Altera,
338 761 409 810 solari
419 762 529 808 miseram
541 773 627 807 conata
639 773 779 823 parentem,

222 841 354 892 Conticuit
364 837 459 896 subiri),
474 836 641 902 duplicataque
652 836 750 884 vulnere
761 850 825 884 caeco
836 833 868 882 est
880 849 887 880 s

223 919 322 984 Oraque
332 934 382 966 non
392 918 474 981 pressit
487 949 495 973 ,
511 917 556 963 uisi
567 915 619 979 post
631 914 704 979 quim
716 915 810 978 spiritus
823 915 880 961 exit.

222 995 282 1046 Haec
293 996 377 1044 frustra
389 995 481 1060 fugiens
491 993 635 1050 collabitur3
650 991 691 1041 ilia
703 993 777 1040 sorori
862 1017 866 1024 -
945 1009 956 1040 2
961 1007 990 1056 95

223 1073 367 1122 immoritur
379 1091 385 1120 s
396 1071 454 1120 latet
466 1075 516 1119 haec
528 1088 535 1128 5
553 1070 622 1118 iiiam
633 1067 748 1134 trepidare
759 1067 861 1118 videres.

224 1147 317 1216 Sexque
327 1148 389 1199 daris
403 1149 469 1208 leto,
487 1146 624 1214 diversaque
634 1148 732 1198 vulnera
742 1151 831 1212 passis,

222 1227 317 1276 Ultima
327 1227 427 1276 restabat
438 1246 444 1274 s
457 1243 529 1292 quam
541 1241 597 1274 roto
604 1241 703 1291 corpore
715 1241 809 1286 mater,

224 1305 292 1355 Toti
300 1307 362 1354 veste
373 1321 452 1370 regens
463 1337 472 1359 ,
487 1303 565 1352 Unam
579 1307 752 1370 minimamque
763 1306 880 1371 relinque.

223 1382 264 1433 De
275 1384 357 1432 multis
368 1386 493 1431 minimam
505 1383 594 1446 posco,
611 1382 741 1440 clamavit,
757 1385 781 1430 δι
793 1399 874 1432 unam.
946 1395 993 1440 {co

223 1459 339 1525 Dumque
350 1475 435 1524 rogat,
448 1477 490 1524 pro
501 1476 548 1524 qua
557 1475 626 1525 rogae
636 1493 643 1518 ‚
654 1457 752 1508 occidit.
765 1461 830 1509 Orba
841 1458 926 1510 resedit
969 1507 971 1512 Α

143 1536 148 1540 ’
223 1537 351 1588 Exanimes
361 1542 423 1588 inter
435 1553 520 1595 natos,
536 1551 667 1602 natasque,
679 1540 805 1601 virumque
818 1553 825 1586 s

223 1615 379 1682 Dirigu'r'tque
390 1615 469 1665 maiis.
482 1613 569 1662 Nullos
580 1629 665 1663 movet
675 1631 732 1664 aura
743 1615 844 1679 capillos
857 1633 863 1663 r

222 1692 254 1743 ln
265 1693 333 1743 vuiru
345 1692 413 1742 c010r
423 1693 456 1741 eii
466 1695 516 1741 siue
527 1694 640 1756 sanguiue
652 1711 658 1740 :
671 1691 762 1740 lumina
774 1693 861 1742 ⁴maestis

223 1773 294 1821 Stant
305 1774 407 1820 immota
417 1775 483 1834 genis
494 1789 500 1817 ε
513 1769 574 1817 nihil
585 1771 651 1818 estin
662 1773 766 1834 imagine
777 1773 835 1820 vivi.
947 1779 990 1825 305

223 1849 276 1913 ipsa
287 1866 384 1915 quoque
393 1848 490 1897 interids
502 1865 557 1896 cum
571 1846 632 1897 duro
645 1849 726 1912 lingua
742 1849 823 1912 palato

224 1926 365 1991 Congelae,
383 1931 407 1974 δι
419 1943 484 1975 vene
497 1925 610 1975 desistunt
622 1923 686 1990 poise
698 1931 797 1976 moveri.

225 2004 277 2054 Nec
289 2003 350 2052 flesti
362 2007 458 2061 cervix,
475 2021 518 2052 nec
528 2006 624 2052 brachia
634 2002 730 2053 reddere
745 2005 836 2069 gestus,

223 2082 277 2134 Nec
286 2100 326 2148 pes
336 2086 369 2131 ire
381 2083 456 2147 potest
467 2102 473 2129 s
486 2086 546 2130 intra
560 2099 656 2148 quoque
667 2085 755 2131 viscera
767 2085 846 2131 saxum
858 2084 900 2132 est.

223 2160 278 2209 Flet
289 2176 386 2219 remen,
399 2164 424 2209 &
437 2159 511 2209 validi
523 2158 671 2209 circumdata
683 2162 776 2208 turbine
786 2164 851 2209 venri
947 2162 994 2209 3¹⁰

221 2237 253 2287 ln
263 2241 363 2303 patriam
375 2254 442 2303 rapta
454 2238 485 2286 est
497 2256 504 2285 s
517 2239 557 2285 ubi
569 2236 615 2285 fixa
625 2240 747 2305 cacumine
761 2242 849 2286 montis

223 2316 353 2383 Liquitur‚
366 2320 390 2366 δι
403 2315 521 2379 lacrymae
532 2318 665 2365 etiamnum
677 2332 797 2367 marmora
807 2330 914 2365 manant.

258 2475 322 2525 Tum
336 2475 394 2525 veri)
409 2479 468 2527 tanti
481 2476 630 2525 manifestam
642 2477 745 2525 numinis
759 2478 834 2536 iram,

222 2554 323 2603 Femina
334 2557 434 2619 virque,
447 2557 533 2603 timent
545 2573 552 2601 :-
562 2554 675 2626 cultuque
687 2554 814 2619 impensiris
825 2570 911 2603 omnes*

224 2632 315 2697 Magna
326 2631 484 2696 gemelliparae
493 2646 634 2680 venerantur
645 2634 743 2679 numina
755 2632 833 2679 Divae.

223 2708 306 2774 thue
321 2708 368 2764 fis,
383 2710 469 2758 afadie
481 2712 591 2773 propiore
603 2712 680 2772 priora
692 2722 821 2759 renarrans.

222 2784 245 2833 E
259 2789 345 2851 quibus
356 2802 415 2836 unus
426 2790 461 2835 ais
471 2806 480 2835 a
492 2788 569 2846 Lycia
581 2802 676 2851 quoque
688 2786 772 2834 fertilis
785 2790 849 2850 agris·

223 2862 296 2913 Haud
309 2869 406 2930 impune
424 2864 502 2913 Deam
515 2854 605 2913 veteres
620 2866 726 2929 sprevere
742 2862 833 2912 colon-i.

223 2941 270 2989 Res
283 2944 382 2992 obscura
396 2940 495 3007 quidem
511 2941 544 2989 est
557 2942 709 3006 ignobilitare
723 2944 829 2991 virorum
842 2958 851 3001 3

222 3016 289 3077 Mira
296 3033 385 3069 tamen.
397 3017 455 3067 Vidi
466 3020 565 3083 praesens
575 3018 729 3085 stagnumque
743 3020 868 3086 lacumque

223 3093 338 3160 Prodigio
350 3105 435 3145 'notum
449 3114 455 3143 e
467 3112 523 3145 nam
535 3100 630 3162 mejam
647 3097 759 3161 grandior
774 3114 844 3159 aevo,

221 3170 400 3238 Impatiensque
411 3177 454 3222 viae
467 3208 476 3231 ‚
490 3176 584 3237 genitor
598 3172 713 3223 deducere
727 3176 800 3223 lestos

223 3248 327 3301 miserae
338 3248 395 3302 inde
406 3251 497 3311 bovem
510 3254 634 3317 gentisque
646 3252 713 3301 iilius
723 3255 791 3299 eunti

475 3342 478 3345 ’
768 3330 786 3377 F
796 3326 820 3379 ν’
