2334 4150
233 539 236 547 ·
295 494 778 563 MnrArronrrrosnouL
802 496 833 562 Ι.
888 520 951 579 9,

185 614 332 663 'terrificam
349 620 432 677 capitit
446 620 565 663 concussit
578 631 661 678 terque
675 629 806 682 quaterque

186 690 320 741 Caeiariem
332 708 342 743 z,
352 706 408 739 turn
418 707 465 755 qua
475 705 576 751 tertam,
589 707 672 749 mare,
683 693 775 749 sidera,
789 694 882 742 movit:
915 692 962 735 180

187 769 289 817 Talibus
299 766 356 817 inde
366 765 444 827 modis
455 784 497 817 ota
511 764 662 832 indignantia
671 767 753 817 solvit.

188 846 250 895 Non
265 862 309 910 ego
321 862 366 910 pro
380 843 463 894 rnundi
473 860 547 908 regno
563 849 639 909 tnagis
649 848 731 902 antius
741 844 787 894 iiii

189 912 341 989 Tempestate
353 922 405 981 fui,
419 922 467 987 qui
480 938 577 971 centum
588 927 686 989 quisque
696 923 812 988 parabant

190 1002 290 1067 injicere
305 998 473 1066 Anguipedum
488 1004 584 1066 captivo
598 1002 694 1049 brachia
704 1000 777 1051 coelo.

187 1079 254 1128 Nam
265 1114 273 1138 ,
285 1096 431 1145 quamquam
439 1078 578 1127 ferushostis
588 1094 653 1139 erar,
666 1095 745 1127 temen
751 1076 813 1129 iilud
821 1079 850 1129 ab
860 1095 922 1135 uno1
931 1087 958 1151 ες

188 1156 319 1222 Corpore,
333 1160 357 1205 δι
375 1173 402 1204 er
415 1173 460 1205 una
469 1155 587 1221 pendebat
596 1159 687 1221 origine
698 1157 799 1207 bellurn.

187 1234 262 1285 Nunc
279 1236 340 1283 mihi
351 1268 359 1294 ,
371 1234 418 1299 quai
429 1249 508 1284 totum
519 1234 610 1283 Nereus
618 1237 779 1285 circumtonat
788 1237 892 1297 orbern,

188 1310 341 1363 Perdendum
354 1312 457 1363 mortale
468 1330 555 1377 genus:
567 1331 608 1379 per
620 1313 719 1363 flumina
731 1318 785 1380 juro

188 1388 283 1449 Infert,
299 1392 342 1439 sub
359 1406 431 1439 terras
445 1392 529 1456 Stygio
541 1392 646 1441 labentia
658 1392 732 1451 luto,

189 1467 283 1519 Guntia
293 1470 357 1533 priris
369 1482 475 1517 tentata:
488 1468 530 1517 sed
539 1469 718 1519 immedicabile
731 1468 817 1519 vulnus
914 1492 960 1536 ¹90

189 1546 251 1596 Ense
263 1544 435 1601 recidendum,
452 1562 482 1596 ne
494 1564 546 1611 pars
558 1552 647 1596 sincera
658 1551 773 1597 trahatur.

191 1627 252 1675 Sunt
262 1629 321 1674 mihi
331 1623 435 1675 Seruidti
448 1659 456 1683 ,
467 1626 538 1683 sunt,
549 1626 634 1673 rustica
644 1628 761 1693 numina,
774 1623 894 1691 Nymphae

188 1706 208 1753 F
209 1708 310 1771 annique
320 1739 328 1763 ,
341 1705 482 1769 Satyrique,
496 1707 520 1753 &
531 1703 672 1753 monticolae
681 1703 786 1754 Silvauie

190 1782 256 1842 Quos
271 1786 388 1849 quoniam
399 1782 456 1831 coeli
474 1781 584 1831 nondum
595 1782 723 1847 dignantur
735 1786 842 1843 honore,

191 1860 254 1921 Quas
266 1860 397 1915 dedimus,
417 1858 479 1909 certd
494 1876 566 1909 terras
577 1862 685 1911 habitare
695 1865 809 1912 sinamur.
912 1878 955 1921 ¹95

189 1940 226 1989 An
236 1941 310 1997 satis,
323 1937 354 1987 6:
368 1940 466 2001 Superi,
478 1952 541 1987 tutor
554 1937 606 1987 fore
617 1938 713 1989 creditis
722 1939 794 1999 iilos,

188 2016 255 2067 Cum
271 2019 348 2076 mihi,
363 2020 404 2082 qui
415 2016 522 2078 fulmen,
534 2020 576 2084 qui
585 2034 629 2067 vor
640 2020 764 2084 habeoque
774 2032 896 2082 regeque,
923 2042 928 2046 ·

188 2098 306 2146 Struxerit
323 2093 436 2154 insidias,
453 2111 523 2144 notus
537 2095 647 2156 feritate,
662 2097 780 2157 Lycaoni
817 2149 820 2154 .

189 2173 365 2224 Confremuere
378 2189 478 2222 omnes:
491 2171 620 2238 studiisque
630 2170 767 2222 ardentibus
779 2175 860 2221 ausum

188 2251 259 2300 Talia
271 2248 412 2315 deposcunt.
425 2253 478 2310 Sic,
492 2251 547 2300 crim
561 2267 645 2301 manus
655 2254 729 2317 impia
739 2253 807 2300 saevit
912 2274 958 2305 220

188 2331 308 2392 Sanguine
325 2327 433 2378 Caesareo
451 2329 588 2378 Romanum
604 2333 739 2395 extinguere
753 2346 860 2390 nornen,

123 2447 129 2466 ,
158 2453 162 2464 ,
187 2408 328 2456 Attonitum
339 2422 411 2455 tantae
422 2407 499 2456 subito
515 2422 604 2456 terrore
617 2411 690 2457 ruinae

188 2485 329 2534 Humanum
343 2502 416 2550 genus
429 2485 477 2544 est3
494 2500 604 2551 totusque
615 2489 749 2550 perhorruit
759 2488 841 2536 orbis:

188 2564 240 2614 Nec
252 2567 297 2614 tibi
314 2579 381 2628 grata
393 2563 471 2612 minus
482 2566 573 2627 pietas,
591 2563 710 2628 Auguste,
724 2580 833 2618 tuorum,

188 2643 271 2703 Qudnt
289 2643 336 2692 fuit
345 2641 388 2691 illa
398 2641 460 2691 Jovi.
473 2641 520 2702 Qui
532 2641 584 2706 post
598 2641 671 2706 quim
682 2658 742 2690 voce
752 2657 872 2706 manuque
908 2658 952 2701 205

187 2721 318 2772 Murmura
328 2721 481 2784 compressit,
499 2735 594 2769 tenuere
607 2719 701 2767 silentia
713 2723 799 2768 cuniii.

187 2799 299 2848 Substitit
311 2813 338 2846 ut
356 2799 447 2848 clamor
460 2795 548 2864 preffus
562 2797 678 2864 gravitate
691 2799 807 2862 regentis3

186 2877 296 2942 Iuppiter
309 2879 355 2926 hot
366 2880 453 2926 iterum
463 2878 571 2926 sermone
587 2876 680 2926 silentia
690 2879 789 2940 rumpit.

185 2955 232 3006 iiie
248 2953 347 3020 quidem
358 2972 440 3021 poenas
451 2991 458 3014 ‚
470 2972 552 3011 euram
564 2956 624 3004 hane
641 2954 774 3014 dimittite,
787 2953 874 3005 solvit:

186 3031 262 3094 Quod
274 3049 355 3084 tamen
367 3031 509 3093 admissum,
520 3051 572 3100 qun
583 3037 614 3083 sit
624 3032 745 3095 viudiiia,
760 3032 863 3084 docebo.
911 3053 957 3087 210

186 3110 334 3176 Contigerat
343 3112 433 3160 nostras
445 3113 544 3162 infamia
557 3115 669 3178 temporis
678 3130 743 3163 aures
752 3131 759 3162 r

187 3189 269 3252 Quam
286 3193 383 3257 cupitus
391 3191 479 3246 falsam
488 3226 497 3256 ,
511 3194 607 3243 intumo
617 3189 716 3251 delabor
726 3192 850 3260 Olympo,

760 3273 813 3323 Au
