2334 4150
292 538 721 612 Maranonrnosaou
744 541 782 610 L.
805 542 835 610 Ι.
876 554 924 609 ir·

198 662 310 714 fletibus
321 678 393 729 auget
410 680 480 730 aquas
492 679 638 729 :natamque
655 665 801 712 miserrimus
815 663 843 712 lo

198 756 279 821 Luget
292 791 301 815 ‚
316 771 344 804 ut
355 751 463 803 amilium
475 773 481 801 ε
494 756 568 803 nescit
579 754 660 804 vitane
675 754 780 809 fruatur,
921 748 970 813 585

199 834 240 881 An
256 836 287 881 sit
303 829 367 895 apud
380 847 470 880 manes.
482 830 528 880 Sed
539 849 611 897 quam
622 848 671 880 non
683 835 776 880 invenit
786 832 904 896 usquam,

201 906 255 958 Effe
269 924 339 974 putat
350 925 467 976 nusquam
480 926 488 967 ς
502 925 573 975 atque
584 913 665 959 animo
676 915 759 976 pejora
769 924 873 959 veretur.

201 984 303 1036 Viderat
318 990 420 1054 apatrlo
431 984 570 1037 redeuntem
584 988 691 1053 Juppiter
706 989 733 1037 lo

199 1064 331 1114 Flumine:
345 1068 388 1123 ἃ,
404 1064 442 1113 0!
458 1067 527 1129 virgo
539 1064 599 1115 love
610 1064 682 1133 digna
695 1100 703 1124 ‚
719 1080 809 1132 tuoque
823 1066 921 1114 beatum

199 1142 292 1195 Nescio
303 1159 374 1209 quem
390 1142 478 1191 fauura
490 1158 544 1191 turo
555 1176 562 1202 ,
574 1158 642 1213 pete,
656 1142 765 1203 dixerat,
782 1145 877 1191 umbras
924 1166 971 1211 590

199 1222 314 1272 Alterum
322 1237 459 1279 nemorum,
468 1224 491 1268 δι
501 1236 626 1272 nemorum
636 1222 805 1273 monstraverat
815 1220 920 1279 umbras,

199 1299 268 1348 Dum
280 1298 361 1357 calet,
372 1301 396 1346 δι
407 1295 488 1348 medio
500 1298 541 1351 sol
557 1299 589 1351 est
600 1298 729 1347 altissimus
739 1299 806 1348 orbe.
827 1295 830 1303 '

202 1374 276 1437 Quod
293 1379 313 1423 si
328 1374 379 1423 sola
394 1378 462 1427 times
474 1374 574 1425 latebras
585 1379 673 1425 intrare
685 1376 806 1435 ferarum5

201 1451 305 1503 Praeside
315 1468 367 1502 tuta
378 1452 432 1501 Deo
443 1488 451 1511 ‚
469 1470 597 1502 nemorum
609 1457 696 1503 secreta
707 1455 810 1502 subibis:

201 1532 254 1581 Nec
268 1530 299 1583 de
310 1531 380 1596 plebe
399 1530 452 1578 Deo
465 1566 473 1589 ,
484 1529 525 1579 sed
537 1534 579 1596 qui
590 1532 694 1580 caelestia
705 1531 791 1596 magni
924 1536 968 1583 595

202 1613 300 1675 Sceptra
318 1625 390 1658 manu
405 1624 491 1667 tene05
503 1607 544 1657 sed
554 1612 598 1674 qui
612 1625 673 1673 vaga
685 1608 787 1657 fulmina
797 1611 877 1658 mitro.

202 1688 240 1737 Ne
254 1689 310 1753 fuge
326 1705 364 1737 me
377 1706 382 1735 :
394 1686 502 1751 fugiebat
516 1690 591 1736 enim.
603 1688 656 1737 Jam
667 1689 753 1756 pascua
767 1686 864 1747 Lernae,

198 1764 351 1831 Consitaque
361 1766 483 1813 arboribus
499 1765 594 1828 Lyrcaea
606 1767 733 1836 reliquerat
749 1782 824 1823 arun

202 1838 269 1893 clm
290 1840 355 1891 Deus
371 1840 467 1891 induas
484 1842 542 1892 latas
559 1843 661 1909 caligine
679 1860 751 1895 terras

202 1919 334 1979 Occuluit,
346 1922 468 1985 terruitque
479 1918 577 1984 fugam,
590 1926 714 1988 rapuitque
726 1918 852 1988 pudorem.
920 1929 968 1966 600

201 1996 296 2047 Interea
309 1996 401 2047 medios
417 1998 479 2047 Juno
490 1996 595 2063 despexit
605 2003 630 2048 in
641 2017 709 2066 agros
719 2017 726 2058 5

201 2072 233 2125 Et
244 2079 319 2125 noilis
331 2076 417 2126 Faciem
435 2077 532 2126 nebulas
547 2074 627 2127 fecili'e
636 2079 745 2127 volucres

201 2155 250 2204 Sub
267 2154 347 2204 nitido
364 2159 450 2204 mirata
461 2153 499 2204 die
512 2162 581 2214 3'non
593 2155 698 2205 fluminis
709 2155 762 2205 illas

201 2229 274 2291 Esse,
291 2249 335 2281 nec
347 2233 456 2283 humenti
468 2235 539 2282 sentit
548 2233 632 2283 tellure
647 2238 736 2284 remitti
748 2252 756 2283 e

200 2311 282 2375 Atque
301 2312 354 2358 suus
365 2316 469 2376 conjux,
486 2314 526 2360 ubi
538 2315 580 2373 sit,
600 2315 774 2380 circumspicit3
793 2329 820 2366 ut
833 2332 885 2383 quae
920 2323 965 2378 605

201 2385 321 2451 Deprensi
333 2392 403 2438 toties
416 2394 465 2456 jam
478 2388 556 2439 nollet
564 2391 627 2442 furta
639 2396 729 2443 mariti.

203 2463 284 2524 Quem
300 2466 353 2529 post
366 2467 440 2533 quim
451 2469 514 2518 coelo
526 2486 576 2519 non
587 2473 705 2537 repperit3
717 2472 764 2520 Aut
774 2489 818 2538 ego
830 2471 917 2532 fallor,
933 2507 936 2513 ‚

202 2541 253 2590 Aut
264 2558 310 2606 ego
324 2543 412 2605 laedor,
424 2549 457 2595 ait
468 2566 474 2594 ι
486 2545 627 2616 delapsaque
635 2550 664 2597 ab
674 2551 760 2600 aethere
770 2552 880 2612 summo,

204 2617 324 2669 Constitit
333 2625 359 2670 in
376 2625 456 2684 terris,
471 2626 616 2691 nebulasque
628 2625 736 2676 recedere
744 2632 822 2694 jussit.

203 2695 325 2762 Conjugls
344 2695 472 2749 adventum
486 2704 651 2766 praesenserat,
670 2707 741 2768 inque
755 2709 871 2755 nitentem
921 2710 968 2750 6¹⁰

203 2772 334 2828 Inachidos
347 2777 425 2827 vultus
443 2795 575 2828 mutaverat
588 2779 629 2827 ille
639 2783 774 2844 juvencam.

200 2850 250 2904 Bos
263 2869 360 2920 quoque
375 2855 480 2906 formosa
491 2859 531 2905 eli.
545 2859 653 2922 Speciem
663 2860 772 2908 Saturnia
782 2877 874 2916 vacca,

204 2929 361 2998 Quamquam
369 2935 554 3000 invita‚probat:
563 2952 606 2985 nec
616 2953 665 2985 nou
677 2939 702 2986 δι
713 2940 796 3003 cujus,
809 2941 834 2988 δι
846 2937 918 2999 unde,

204 3007 293 3066 Quove
309 3013 340 3058 eit
353 3027 479 3070 armento,
492 3017 542 3062 veri
552 3017 619 3080 qnasi
630 3015 724 3073 nescia,
737 3019 830 3082 querit.

203 3085 313 3148 Iuppiter
334 3103 347 3134 e
362 3087 426 3137 'terri
439 3091 543 3160 genitam
561 3094 692 3146 mentitur,
703 3107 729 3140 ut
745 3096 825 3146 audior
923 3099 966 3150 615

204 3161 307 3212 Desinat
321 3167 426 3231 inquiri·
437 3166 498 3216 Petit
511 3169 571 3216 hane
583 3171 691 3219 Saturnia
705 3185 800 3223 munus.

205 3237 273 3316 Quid
283 3239 356 3291 faciat
369 3244 379 3292 l
393 3240 504 3307 crudele,
522 3247 575 3294 suos
587 3243 695 3298 addicere
706 3264 811 3300 amores:
