2334 4150
251 537 722 610 Mernuournosrouu.
735 539 909 626 XIV.321

148 723 153 726 ¹
202 660 375 730 Heremusque
385 661 451 712 ducis
461 662 526 713 eollo
538 681 545 710 t
555 678 600 712 nec
608 662 681 714 verba
695 661 771 711 locuti

202 741 261 791 Ulla
273 745 354 807 priora
363 743 457 802 sumus,
469 740 543 806 quim
553 757 598 790 nos
615 741 724 793 testantia
736 754 826 804 gratos.

201 819 289 870 Annua
297 837 342 870 nos
353 820 404 869 silit
420 822 496 868 tenuit
512 835 581 869 mora
592 837 599 867 r
611 818 734 884 intritaque
744 818 845 883 praesens

187 911 192 920 ·
202 897 324 964 Tempore
341 914 391 948 tam
407 898 482 961 longo
493 895 557 945 vidi:
568 896 646 946 multa
655 897 749 946 auribus
761 896 846 952 hausi,

200 975 257 1026 Hoc
272 966 368 1042 quisque
378 993 434 1024 tum
445 974 542 1030 multis,
554 972 622 1040 quod
632 974 694 1022 clam
704 977 765 1023 mihi
777 970 859 1022 retulit
870 984 928 1027 unas
937 981 967 1014 ¹0

202 1053 323 1112 Quattuor
335 1052 468 1112 eiamuiis,
481 1050 513 1102 ad
523 1052 579 1100 talia
589 1053 653 1102 satra
661 1055 756 1116 paratis.

201 1129 270 1180 Cum
285 1129 346 1180 duce
356 1146 460 1195 namque
478 1147 534 1178 meo
547 1129 619 1179 Circe
629 1127 686 1178 dum
697 1129 748 1179 iola
758 1144 865 1179 mutatur
871 1163 882 1191 ,

199 1206 246 1255 1112
264 1211 325 1256 mihi
336 1210 407 1258 niveo
421 1207 508 1266 faiiuru
526 1206 556 1256 de
570 1223 690 1256 marmore
704 1211 800 1273 signum
815 1218 818 1226 “

200 1284 311 1334 Ostendit
327 1285 448 1351 juvenile,
464 1301 546 1350 gerens
555 1288 581 1335 in
591 1290 679 1335 vertite
689 1289 788 1350 picum.

198 1361 263 1412 AEde
273 1364 337 1412 satri
351 1367 472 1428 positum,
488 1364 617 1428 multisque
628 1367 718 1427 insigne
729 1365 836 1423 coronis,
917 1369 962 1418 ³¹5

199 1439 261 1499 Quis
277 1440 340 1488 foret
350 1475 358 1499 ,
373 1446 398 1489 δι
409 1457 481 1505 quare
491 1440 556 1488 sacri
565 1441 683 1489 coleretur
693 1445 718 1488 in
728 1440 778 1490 aede
791 1475 799 1498 ,

200 1510 254 1563 Cur
267 1515 328 1562 hanc
339 1514 411 1562 ferret
425 1530 509 1572 avem,
528 1511 660 1578 quaeren'ti,
675 1519 699 1563 iit
718 1517 776 1564 scire
785 1515 897 1578 volenti,

199 1592 307 1656 Accipe,
318 1593 365 1645 ait,
382 1592 495 1640 Macaren
503 1609 510 1640 s
519 1589 670 1656 dominasque
682 1594 790 1655 potentia
801 1609 852 1656 que
868 1597 899 1641 sit

199 1669 264 1719 Hinc
277 1685 373 1735 quoque
390 1666 453 1718 disce
470 1685 542 1718 mee:
552 1683 578 1718 tu
593 1665 660 1719 dietis
671 1667 747 1734 adjice
765 1684 881 1720 suentem.

231 1829 301 1878 Picus
316 1831 343 1878 in
359 1828 485 1890 Ausoniis,
500 1828 579 1896 proies
595 1831 723 1890 Saturnia,
740 1831 808 1879 tetris
916 1839 963 1883 3²⁰

199 1906 252 1963 Rex
266 1906 332 1968 fuit,
345 1908 440 1958 utilium
454 1908 519 1958 bello
529 1907 645 1959 studiosus
657 1921 782 1974 equorum.

198 1983 287 2033 Forma
297 1988 365 2046 viro,
379 2002 453 2052 quam
468 1990 560 2046 cernis,
572 2001 623 2036 erat
634 2005 640 2034 e
653 1987 709 2036 licet
720 1989 769 2051 ipse
786 1985 900 2036 decorem
932 2035 934 2042 s

198 2059 323 2125 aspicias,
342 2061 443 2128 fistique
460 2066 544 2127 probes
554 2065 584 2113 ab
599 2067 703 2129 imagine
718 2082 808 2114 vetem.

197 2137 245 2187 Par
257 2140 350 2187 animus
362 2140 446 2189 forma
455 2158 514 2190 :nec
524 2140 602 2191 adhuc
614 2140 724 2207 speiiaffe
735 2160 776 2207 per
787 2160 863 2191 annos

197 2214 384 2281 Quinquennem
398 2233 491 2281 poterat
505 2218 578 2268 Graii
588 2234 672 2284 quater
683 2218 751 2268 Elide
766 2236 880 2285 pugnam.
918 2228 961 2278 3²5

197 2291 243 2340 llle
260 2294 314 2341 suos
325 2293 454 2357 Dryadas,
474 2296 547 2345 Latiis
562 2299 588 2345 in
599 2298 720 2345 montibus
733 2313 814 2358 ortas,

91 2393 92 2396 =
196 2368 308 2419 Verterat
324 2373 349 2419 in
361 2372 453 2421 vultus:
462 2373 533 2422 illum
545 2375 644 2425 fontana
654 2377 766 2439 petebant

197 2445 322 2507 Numina,
340 2448 461 2509 Naiades3
478 2468 536 2517 quas
550 2452 654 2511 Albula,
665 2468 769 2519 quasque
780 2453 895 2515 Numici,
931 2490 932 2493 =

197 2524 309 2591 Quasque
326 2527 423 2576 Anienis
436 2545 519 2593 aqut,
535 2532 652 2595 cursuque
664 2532 813 2581 brevissimus
823 2533 911 2592 Almo,

196 2600 295 2668 Narque
313 2604 368 2652 tulit
381 2622 483 2671 preceps
495 2640 502 2660 ‚
519 2612 544 2656 &
556 2624 657 2657 amoenae
668 2610 775 2660 Farfarus
788 2613 893 2671 umbrat,
914 2622 970 2669 350¹

194 2680 304 2745 Quaeque
315 2682 399 2731 colunt
410 2685 526 2745 Scythicae
539 2700 640 2749 regnum
648 2690 769 2737 nemorale
781 2691 878 2749 Dim,

196 2757 371 2823 Finitimosque
388 2759 460 2808 latus.
480 2762 566 2826 Spretis
578 2778 658 2813 temen
672 2766 803 2826 omnibus,
823 2784 894 2816 unam

195 2835 242 2883 ille
260 2835 328 2885 fovet
339 2836 486 2902 Nympheu,
502 2856 575 2905 qnam
590 2840 712 2907 quondam
723 2847 748 2893 in
762 2845 825 2894 tolle
836 2844 912 2896 Palati

194 2914 293 2963 Dicitur
304 2917 402 2979 ancipiti
414 2914 526 2980 peperiffe
534 2919 628 2967 Venilia
639 2920 708 2969 iano.

194 2991 254 3042 Hac
266 3025 275 3050 ‚
297 2994 337 3040 ubi
348 2993 470 3043 nubilibus
480 2995 584 3059 primum
595 3002 711 3049 maturuit
722 3003 806 3062 aunis,
914 3004 960 3051 iii

194 3067 326 3133 Prepesito
341 3074 430 3120 caustis
441 3072 551 3123 Laurenti
563 3074 650 3125 tradita
661 3078 718 3126 Pico
729 3080 770 3127 est.

195 3146 259 3196 Rara
274 3146 372 3213 quidem
384 3150 462 3204 facie,
477 3150 517 3201 sed
529 3156 604 3203 rarior
614 3170 664 3203 arte
674 3154 774 3204 cauendi
787 3173 796 3214 ς

195 3220 268 3273 Unde
285 3224 383 3276 Canens
391 3226 453 3278 dieta
463 3230 505 3279 eii.
519 3230 595 3283 suras
612 3234 637 3281 δι
649 3233 702 3281 saxa
712 3248 808 3281 movere
820 3265 832 3299 ,

359 3312 362 3317 '
734 3310 755 3359 0
773 3327 789 3361 v
