<?xml version="1.0" encoding="UTF-8"?>
<!DOCTYPE html PUBLIC "-//W3C//DTD XHTML 1.0 Transitional//EN"
    "http://www.w3.org/TR/xhtml1/DTD/xhtml1-transitional.dtd">
<html xmlns="http://www.w3.org/1999/xhtml" xml:lang="en" lang="en">
 <head>
  <title>
</title>
<meta http-equiv="Content-Type" content="text/html;charset=utf-8" />
  <meta name='ocr-system' content='tesseract 3.04.00' />
  <meta name='ocr-capabilities' content='ocr_page ocr_carea ocr_par ocr_line ocrx_word'/>
</head>
<body>
  <div class='ocr_page' id='page_1' title='image "./povidiinasoniso04ovidgoog_0100.png"; bbox 0 0 2334 4150; ppageno 0'>
   <div class='ocr_carea' id='block_1_1' title="bbox 247 523 854 598">
    <p class='ocr_par' dir='ltr' id='par_1_1' title="bbox 247 523 854 598">
     <span class='ocr_line' id='line_1_1' title="bbox 247 523 854 598; baseline 0.002 -3"><span class='ocrx_word' id='word_1_1' title='bbox 247 525 289 596; x_wconf 79' lang='lat'>88</span> <span class='ocrx_word' id='word_1_2' title='bbox 368 529 374 543; x_wconf 83' lang='lat'><em>&#39;</em></span> <span class='ocrx_word' id='word_1_3' title='bbox 399 523 443 596; x_wconf 92' lang='grc' dir='ltr'>Ρ.</span> <span class='ocrx_word' id='word_1_4' title='bbox 473 525 630 595; x_wconf 75' lang='lat' dir='ltr'>Ournrr</span> <span class='ocrx_word' id='word_1_5' title='bbox 659 528 854 598; x_wconf 80' lang='lat' dir='ltr'>NAsours</span> 
     </span>
    </p>
   </div>
   <div class='ocr_carea' id='block_1_2' title="bbox 195 633 929 873">
    <p class='ocr_par' dir='ltr' id='par_1_2' title="bbox 195 633 929 873">
     <span class='ocr_line' id='line_1_2' title="bbox 242 633 867 716; baseline 0.003 -18"><span class='ocrx_word' id='word_1_6' title='bbox 242 647 383 710; x_wconf 81' lang='lat' dir='ltr'>Emitmnt3</span> <span class='ocrx_word' id='word_1_7' title='bbox 398 663 559 716; x_wconf 85' lang='lat' dir='ltr'>peraguntque</span> <span class='ocrx_word' id='word_1_8' title='bbox 570 633 636 700; x_wconf 87' lang='lat' dir='ltr'>leves</span> <span class='ocrx_word' id='word_1_9' title='bbox 643 647 742 700; x_wconf 83' lang='lat' dir='ltr'>stridore</span> <span class='ocrx_word' id='word_1_10' title='bbox 751 651 867 716; x_wconf 83' lang='lat' dir='ltr'>querelas.</span> 
     </span>
     <span class='ocr_line' id='line_1_3' title="bbox 245 726 929 795; baseline 0 -18"><span class='ocrx_word' id='word_1_11' title='bbox 245 727 382 795; x_wconf 63' lang='lat' dir='ltr'>Tellaque,</span> <span class='ocrx_word' id='word_1_12' title='bbox 393 744 443 777; x_wconf 91' lang='lat' dir='ltr'>non</span> <span class='ocrx_word' id='word_1_13' title='bbox 453 727 540 784; x_wconf 85' lang='lat' dir='ltr'>silvas,</span> <span class='ocrx_word' id='word_1_14' title='bbox 554 726 674 778; x_wconf 88' lang='lat' dir='ltr'>celebrant</span> <span class='ocrx_word' id='word_1_15' title='bbox 684 747 690 778; x_wconf 76' lang='lat' dir='ltr'>e</span> <span class='ocrx_word' id='word_1_16' title='bbox 702 727 829 795; x_wconf 87' lang='lat' dir='ltr'>lucemque</span> <span class='ocrx_word' id='word_1_17' title='bbox 840 727 929 793; x_wconf 83' lang='lat' dir='ltr'>perosas</span> 
     </span>
     <span class='ocr_line' id='line_1_4' title="bbox 195 804 887 873; baseline -0.004 -16"><span class='ocrx_word' id='word_1_18' title='bbox 195 815 225 864; x_wconf 78' lang='lat'>4¹</span> <span class='ocrx_word' id='word_1_19' title='bbox 232 804 323 865; x_wconf 63' lang='lat' dir='ltr'>suos«</span> <span class='ocrx_word' id='word_1_20' title='bbox 331 806 415 859; x_wconf 89' lang='lat' dir='ltr'>volant</span> <span class='ocrx_word' id='word_1_21' title='bbox 426 823 432 854; x_wconf 78' lang='lat' dir='ltr'>e</span> <span class='ocrx_word' id='word_1_22' title='bbox 443 808 542 873; x_wconf 82' lang='lat' dir='ltr'>seroque</span> <span class='ocrx_word' id='word_1_23' title='bbox 552 807 673 858; x_wconf 86' lang='lat' dir='ltr'>trahunta</span> <span class='ocrx_word' id='word_1_24' title='bbox 683 807 778 873; x_wconf 80' lang='lat' dir='ltr'>vespere</span> <span class='ocrx_word' id='word_1_25' title='bbox 789 821 887 858; x_wconf 87' lang='lat' dir='ltr'>nomen.</span> 
     </span>
    </p>
   </div>
   <div class='ocr_carea' id='block_1_3' title="bbox 194 950 1025 3289">
    <p class='ocr_par' dir='ltr' id='par_1_3' title="bbox 194 950 1025 3289">
     <span class='ocr_line' id='line_1_5' title="bbox 277 950 845 1004; baseline -0.004 -2"><span class='ocrx_word' id='word_1_26' title='bbox 277 953 342 1002; x_wconf 85' lang='lat' dir='ltr'>Tum</span> <span class='ocrx_word' id='word_1_27' title='bbox 352 951 410 1003; x_wconf 74' lang='lat' dir='ltr'>terh</span> <span class='ocrx_word' id='word_1_28' title='bbox 421 955 477 1004; x_wconf 88' lang='lat' dir='ltr'>totis</span> <span class='ocrx_word' id='word_1_29' title='bbox 487 953 574 1003; x_wconf 86' lang='lat' dir='ltr'>Bacchi</span> <span class='ocrx_word' id='word_1_30' title='bbox 587 950 743 1002; x_wconf 86' lang='lat' dir='ltr'>memorabile</span> <span class='ocrx_word' id='word_1_31' title='bbox 756 951 845 1001; x_wconf 79' lang='lat' dir='ltr'>Thebis</span> 
     </span>
     <span class='ocr_line' id='line_1_6' title="bbox 245 1030 863 1097; baseline -0.005 -16"><span class='ocrx_word' id='word_1_32' title='bbox 245 1030 342 1081; x_wconf 86' lang='lat' dir='ltr'>Numen</span> <span class='ocrx_word' id='word_1_33' title='bbox 352 1045 403 1082; x_wconf 88' lang='lat' dir='ltr'>etat</span> <span class='ocrx_word' id='word_1_34' title='bbox 415 1048 424 1090; x_wconf 81' lang='lat'>3</span> <span class='ocrx_word' id='word_1_35' title='bbox 439 1047 584 1097; x_wconf 81' lang='lat' dir='ltr'>magnasque</span> <span class='ocrx_word' id='word_1_36' title='bbox 595 1033 653 1080; x_wconf 81' lang='lat' dir='ltr'>noui</span> <span class='ocrx_word' id='word_1_37' title='bbox 666 1043 792 1080; x_wconf 80' lang='lat' dir='ltr'>matertera</span> <span class='ocrx_word' id='word_1_38' title='bbox 802 1032 863 1080; x_wconf 89' lang='lat' dir='ltr'>vires</span> 
     </span>
     <span class='ocr_line' id='line_1_7' title="bbox 244 1102 863 1176; baseline -0.003 -17"><span class='ocrx_word' id='word_1_39' title='bbox 244 1102 332 1159; x_wconf 81' lang='lat' dir='ltr'>Narrat</span> <span class='ocrx_word' id='word_1_40' title='bbox 343 1107 431 1176; x_wconf 87' lang='lat' dir='ltr'>ubique</span> <span class='ocrx_word' id='word_1_41' title='bbox 441 1108 488 1158; x_wconf 90' lang='lat' dir='ltr'>Dei</span> <span class='ocrx_word' id='word_1_42' title='bbox 500 1128 506 1158; x_wconf 76' lang='grc' dir='ltr'><strong>ι</strong></span> <span class='ocrx_word' id='word_1_43' title='bbox 519 1107 548 1160; x_wconf 93' lang='lat' dir='ltr'>de</span> <span class='ocrx_word' id='word_1_44' title='bbox 560 1123 643 1175; x_wconf 89' lang='lat' dir='ltr'>totque</span> <span class='ocrx_word' id='word_1_45' title='bbox 654 1110 772 1159; x_wconf 89' lang='lat' dir='ltr'>sororibus</span> <span class='ocrx_word' id='word_1_46' title='bbox 783 1124 863 1174; x_wconf 82' lang='lat' dir='ltr'>expers</span> 
     </span>
     <span class='ocr_line' id='line_1_8' title="bbox 244 1185 818 1253; baseline -0.002 -17"><span class='ocrx_word' id='word_1_47' title='bbox 244 1187 300 1236; x_wconf 88' lang='lat' dir='ltr'>Una</span> <span class='ocrx_word' id='word_1_48' title='bbox 311 1185 402 1237; x_wconf 87' lang='lat' dir='ltr'>doloris</span> <span class='ocrx_word' id='word_1_49' title='bbox 413 1202 481 1248; x_wconf 91' lang='lat' dir='ltr'>erat,</span> <span class='ocrx_word' id='word_1_50' title='bbox 492 1189 538 1236; x_wconf 85' lang='lat' dir='ltr'>nisi</span> <span class='ocrx_word' id='word_1_51' title='bbox 547 1204 620 1253; x_wconf 86' lang='lat' dir='ltr'>quem</span> <span class='ocrx_word' id='word_1_52' title='bbox 631 1186 708 1236; x_wconf 91' lang='lat' dir='ltr'>fecere</span> <span class='ocrx_word' id='word_1_53' title='bbox 718 1189 818 1236; x_wconf 86' lang='lat' dir='ltr'>sorores.</span> 
     </span>
     <span class='ocr_line' id='line_1_9' title="bbox 196 1263 963 1332; baseline 0.001 -17"><span class='ocrx_word' id='word_1_54' title='bbox 196 1266 335 1331; x_wconf 76' lang='lat' dir='ltr'>420Asprcir</span> <span class='ocrx_word' id='word_1_55' title='bbox 343 1269 422 1328; x_wconf 88' lang='lat' dir='ltr'>hanc,</span> <span class='ocrx_word' id='word_1_56' title='bbox 438 1269 499 1316; x_wconf 83' lang='lat' dir='ltr'>tiaris</span> <span class='ocrx_word' id='word_1_57' title='bbox 510 1265 665 1332; x_wconf 83' lang='lat' dir='ltr'>thalamoque</span> <span class='ocrx_word' id='word_1_58' title='bbox 675 1263 824 1316; x_wconf 82' lang='lat' dir='ltr'>Athamantis</span> <span class='ocrx_word' id='word_1_59' title='bbox 833 1264 963 1316; x_wconf 87' lang='lat' dir='ltr'>habentem</span> 
     </span>
     <span class='ocr_line' id='line_1_10' title="bbox 245 1340 861 1407; baseline -0.003 -13"><span class='ocrx_word' id='word_1_60' title='bbox 245 1344 363 1394; x_wconf 88' lang='lat' dir='ltr'>Sublimes</span> <span class='ocrx_word' id='word_1_61' title='bbox 373 1349 466 1395; x_wconf 89' lang='lat' dir='ltr'>animos</span> <span class='ocrx_word' id='word_1_62' title='bbox 477 1381 486 1407; x_wconf 88' lang='lat'><em>,</em></span> <span class='ocrx_word' id='word_1_63' title='bbox 503 1348 528 1395; x_wconf 88' lang='lat'>&amp;</span> <span class='ocrx_word' id='word_1_64' title='bbox 539 1344 639 1394; x_wconf 89' lang='lat' dir='ltr'>alumno</span> <span class='ocrx_word' id='word_1_65' title='bbox 649 1347 765 1404; x_wconf 89' lang='lat' dir='ltr'>numine,</span> <span class='ocrx_word' id='word_1_66' title='bbox 781 1340 861 1402; x_wconf 82' lang='lat' dir='ltr'>Juno3</span> 
     </span>
     <span class='ocr_line' id='line_1_11' title="bbox 244 1419 838 1488; baseline -0.003 -16"><span class='ocrx_word' id='word_1_67' title='bbox 244 1421 297 1472; x_wconf 86' lang='lat' dir='ltr'>Nec</span> <span class='ocrx_word' id='word_1_68' title='bbox 308 1422 364 1472; x_wconf 90' lang='lat' dir='ltr'>tulit</span> <span class='ocrx_word' id='word_1_69' title='bbox 375 1444 381 1474; x_wconf 77' lang='grc' dir='ltr'><strong>ι</strong></span> <span class='ocrx_word' id='word_1_70' title='bbox 394 1428 419 1474; x_wconf 67' lang='grc' dir='ltr'>δι</span> <span class='ocrx_word' id='word_1_71' title='bbox 432 1426 511 1473; x_wconf 88' lang='lat' dir='ltr'>secum</span> <span class='ocrx_word' id='word_1_72' title='bbox 521 1459 528 1483; x_wconf 94' lang='lat'>‚</span> <span class='ocrx_word' id='word_1_73' title='bbox 540 1424 624 1472; x_wconf 83' lang='lat' dir='ltr'>Potuit</span> <span class='ocrx_word' id='word_1_74' title='bbox 633 1420 663 1472; x_wconf 89' lang='lat' dir='ltr'>de</span> <span class='ocrx_word' id='word_1_75' title='bbox 674 1422 759 1488; x_wconf 81' lang='lat' dir='ltr'>pellice</span> <span class='ocrx_word' id='word_1_76' title='bbox 770 1419 838 1471; x_wconf 77' lang='lat' dir='ltr'>na&#39;tus</span> 
     </span>
     <span class='ocr_line' id='line_1_12' title="bbox 244 1499 986 1568; baseline -0.007 -17"><span class='ocrx_word' id='word_1_77' title='bbox 244 1499 342 1552; x_wconf 88' lang='lat' dir='ltr'>Vertere</span> <span class='ocrx_word' id='word_1_78' title='bbox 353 1503 490 1562; x_wconf 75' lang='lat' dir='ltr'>Maeonios,</span> <span class='ocrx_word' id='word_1_79' title='bbox 504 1502 636 1568; x_wconf 83' lang='lat' dir='ltr'>pelagoque</span> <span class='ocrx_word' id='word_1_80' title='bbox 646 1504 803 1566; x_wconf 86' lang='lat' dir='ltr'>immergere,</span> <span class='ocrx_word' id='word_1_81' title='bbox 819 1511 921 1559; x_wconf 81' lang='lat' dir='ltr'>nautas,</span> <span class='ocrx_word' id='word_1_82' title='bbox 978 1511 986 1520; x_wconf 89' lang='grc'><strong><em>·</em></strong></span> 
     </span>
     <span class='ocr_line' id='line_1_13' title="bbox 245 1576 792 1640; baseline -0.002 -11"><span class='ocrx_word' id='word_1_83' title='bbox 245 1576 277 1630; x_wconf 84' lang='lat' dir='ltr'>Et</span> <span class='ocrx_word' id='word_1_84' title='bbox 287 1578 412 1630; x_wconf 84' lang='lat' dir='ltr'>laceranda</span> <span class='ocrx_word' id='word_1_85' title='bbox 422 1583 468 1630; x_wconf 81' lang='lat' dir='ltr'>sua</span> <span class='ocrx_word' id='word_1_86' title='bbox 477 1583 529 1632; x_wconf 88' lang='lat' dir='ltr'>nati</span> <span class='ocrx_word' id='word_1_87' title='bbox 538 1577 594 1630; x_wconf 87' lang='lat' dir='ltr'>dare</span> <span class='ocrx_word' id='word_1_88' title='bbox 604 1581 693 1630; x_wconf 87' lang='lat' dir='ltr'>viscera</span> <span class='ocrx_word' id='word_1_89' title='bbox 703 1582 773 1630; x_wconf 83' lang='lat' dir='ltr'>matri</span> <span class='ocrx_word' id='word_1_90' title='bbox 783 1613 792 1640; x_wconf 90' lang='lat'>,</span> 
     </span>
     <span class='ocr_line' id='line_1_14' title="bbox 194 1655 793 1725; baseline -0.01 -14"><span class='ocrx_word' id='word_1_91' title='bbox 194 1656 276 1713; x_wconf 71' lang='lat' dir='ltr'>‘4²5Et</span> <span class='ocrx_word' id='word_1_92' title='bbox 286 1660 390 1724; x_wconf 87' lang='lat' dir='ltr'>triplices</span> <span class='ocrx_word' id='word_1_93' title='bbox 399 1662 491 1725; x_wconf 88' lang='lat' dir='ltr'>operire</span> <span class='ocrx_word' id='word_1_94' title='bbox 501 1660 570 1708; x_wconf 84' lang='lat' dir='ltr'>novis</span> <span class='ocrx_word' id='word_1_95' title='bbox 580 1655 720 1720; x_wconf 83' lang='lat' dir='ltr'>Minyeidas</span> <span class='ocrx_word' id='word_1_96' title='bbox 733 1656 775 1706; x_wconf 89' lang='lat' dir='ltr'>alis</span> <span class='ocrx_word' id='word_1_97' title='bbox 785 1672 793 1714; x_wconf 79' lang='lat'>3</span> 
     </span>
     <span class='ocr_line' id='line_1_15' title="bbox 245 1733 828 1804; baseline -0.012 -16"><span class='ocrx_word' id='word_1_98' title='bbox 245 1739 288 1788; x_wconf 92' lang='lat' dir='ltr'>Nil</span> <span class='ocrx_word' id='word_1_99' title='bbox 299 1741 388 1804; x_wconf 91' lang='lat' dir='ltr'>poterit</span> <span class='ocrx_word' id='word_1_100' title='bbox 397 1734 476 1797; x_wconf 87' lang='lat' dir='ltr'>Juno,</span> <span class='ocrx_word' id='word_1_101' title='bbox 492 1738 537 1786; x_wconf 88' lang='lat' dir='ltr'>nisi</span> <span class='ocrx_word' id='word_1_102' title='bbox 548 1735 637 1785; x_wconf 90' lang='lat' dir='ltr'>inultos</span> <span class='ocrx_word' id='word_1_103' title='bbox 648 1733 704 1784; x_wconf 88' lang='lat' dir='ltr'>flere</span> <span class='ocrx_word' id='word_1_104' title='bbox 716 1733 828 1788; x_wconf 70' lang='lat' dir='ltr'>dolores?</span> 
     </span>
     <span class='ocr_line' id='line_1_16' title="bbox 244 1810 903 1881; baseline -0.008 -15"><span class='ocrx_word' id='word_1_105' title='bbox 244 1810 320 1881; x_wconf 84' lang='lat' dir='ltr'>quue</span> <span class='ocrx_word' id='word_1_106' title='bbox 331 1816 391 1864; x_wconf 87' lang='lat' dir='ltr'>mihi</span> <span class='ocrx_word' id='word_1_107' title='bbox 402 1817 456 1864; x_wconf 89' lang='lat' dir='ltr'>satis</span> <span class='ocrx_word' id='word_1_108' title='bbox 467 1815 517 1867; x_wconf 76' lang='lat' dir='ltr'>est?</span> <span class='ocrx_word' id='word_1_109' title='bbox 530 1816 579 1863; x_wconf 79' lang='lat' dir='ltr'>haec</span> <span class='ocrx_word' id='word_1_110' title='bbox 591 1830 637 1864; x_wconf 87' lang='lat' dir='ltr'>una</span> <span class='ocrx_word' id='word_1_111' title='bbox 647 1817 756 1879; x_wconf 88' lang='lat' dir='ltr'>potentia</span> <span class='ocrx_word' id='word_1_112' title='bbox 766 1813 845 1863; x_wconf 83' lang='lat' dir='ltr'>nostre</span> <span class='ocrx_word' id='word_1_113' title='bbox 854 1811 903 1862; x_wconf 77' lang='lat' dir='ltr'>esti</span> 
     </span>
     <span class='ocr_line' id='line_1_17' title="bbox 243 1890 900 1960; baseline -0.002 -19"><span class='ocrx_word' id='word_1_114' title='bbox 243 1893 295 1958; x_wconf 89' lang='lat' dir='ltr'>Ipse</span> <span class='ocrx_word' id='word_1_115' title='bbox 305 1891 377 1944; x_wconf 90' lang='lat' dir='ltr'>docet</span> <span class='ocrx_word' id='word_1_116' title='bbox 388 1891 446 1960; x_wconf 90' lang='lat' dir='ltr'>quid</span> <span class='ocrx_word' id='word_1_117' title='bbox 458 1909 536 1958; x_wconf 88' lang='lat' dir='ltr'>agam.</span> <span class='ocrx_word' id='word_1_118' title='bbox 548 1893 567 1941; x_wconf 88' lang='lat' dir='ltr'>F</span> <span class='ocrx_word' id='word_1_119' title='bbox 569 1909 593 1940; x_wconf 91' lang='lat' dir='ltr'>as</span> <span class='ocrx_word' id='word_1_120' title='bbox 604 1893 636 1942; x_wconf 87' lang='lat' dir='ltr'>est</span> <span class='ocrx_word' id='word_1_121' title='bbox 647 1892 671 1942; x_wconf 71' lang='lat' dir='ltr'>ht</span> <span class='ocrx_word' id='word_1_122' title='bbox 682 1894 711 1942; x_wconf 89' lang='lat' dir='ltr'>ab</span> <span class='ocrx_word' id='word_1_123' title='bbox 722 1893 788 1941; x_wconf 89' lang='lat' dir='ltr'>hoste</span> <span class='ocrx_word' id='word_1_124' title='bbox 799 1890 880 1941; x_wconf 87' lang='lat' dir='ltr'>doceri</span> <span class='ocrx_word' id='word_1_125' title='bbox 891 1908 900 1950; x_wconf 80' lang='lat'>5</span> 
     </span>
     <span class='ocr_line' id='line_1_18' title="bbox 245 1964 846 2037; baseline -0.002 -18"><span class='ocrx_word' id='word_1_126' title='bbox 245 1969 357 2037; x_wconf 81' lang='lat' dir='ltr'>Quidque</span> <span class='ocrx_word' id='word_1_127' title='bbox 368 1971 435 2021; x_wconf 86' lang='lat' dir='ltr'>furor</span> <span class='ocrx_word' id='word_1_128' title='bbox 444 1971 539 2032; x_wconf 81' lang='lat' dir='ltr'>valeat,</span> <span class='ocrx_word' id='word_1_129' title='bbox 554 1964 658 2020; x_wconf 85' lang='lat' dir='ltr'>Penthea</span> <span class='ocrx_word' id='word_1_130' title='bbox 669 1969 733 2020; x_wconf 81' lang='lat' dir='ltr'>c&#39;aede</span> <span class='ocrx_word' id='word_1_131' title='bbox 744 1972 846 2035; x_wconf 88' lang='lat' dir='ltr'>satisque</span> 
     </span>
     <span class='ocr_line' id='line_1_19' title="bbox 195 2046 859 2117; baseline -0.011 -13"><span class='ocrx_word' id='word_1_132' title='bbox 195 2050 279 2117; x_wconf 78' lang='lat' dir='ltr'>430Ac</span> <span class='ocrx_word' id='word_1_133' title='bbox 289 2051 357 2116; x_wconf 87' lang='lat' dir='ltr'>super</span> <span class='ocrx_word' id='word_1_134' title='bbox 367 2047 480 2101; x_wconf 86' lang='lat' dir='ltr'>ostendit.</span> <span class='ocrx_word' id='word_1_135' title='bbox 490 2046 542 2102; x_wconf 87' lang='lat' dir='ltr'>Cur</span> <span class='ocrx_word' id='word_1_136' title='bbox 551 2067 601 2101; x_wconf 91' lang='lat' dir='ltr'>non</span> <span class='ocrx_word' id='word_1_137' title='bbox 612 2049 761 2111; x_wconf 86' lang='lat' dir='ltr'>stimuletur,</span> <span class='ocrx_word' id='word_1_138' title='bbox 774 2063 859 2115; x_wconf 90' lang='lat' dir='ltr'>eatque</span> 
     </span>
     <span class='ocr_line' id='line_1_20' title="bbox 245 2127 778 2195; baseline 0.002 -17"><span class='ocrx_word' id='word_1_139' title='bbox 245 2131 288 2178; x_wconf 90' lang='lat' dir='ltr'>Per</span> <span class='ocrx_word' id='word_1_140' title='bbox 299 2145 401 2195; x_wconf 88' lang='lat' dir='ltr'>cognata</span> <span class='ocrx_word' id='word_1_141' title='bbox 413 2132 458 2178; x_wconf 86' lang='lat' dir='ltr'>suis</span> <span class='ocrx_word' id='word_1_142' title='bbox 469 2129 578 2194; x_wconf 77' lang='lat' dir='ltr'>eiempla</span> <span class='ocrx_word' id='word_1_143' title='bbox 588 2128 707 2179; x_wconf 79' lang='lat' dir='ltr'>furoribus</span> <span class='ocrx_word' id='word_1_144' title='bbox 717 2127 778 2179; x_wconf 77' lang='lat' dir='ltr'>luo?</span> 
     </span>
     <span class='ocr_line' id='line_1_21' title="bbox 243 2205 754 2268; baseline 0 -11"><span class='ocrx_word' id='word_1_145' title='bbox 243 2208 284 2257; x_wconf 86' lang='lat' dir='ltr'>Est</span> <span class='ocrx_word' id='word_1_146' title='bbox 292 2210 331 2257; x_wconf 90' lang='lat' dir='ltr'>vla</span> <span class='ocrx_word' id='word_1_147' title='bbox 340 2205 455 2268; x_wconf 86' lang='lat' dir='ltr'>declivis,</span> <span class='ocrx_word' id='word_1_148' title='bbox 469 2207 560 2257; x_wconf 76' lang='lat' dir='ltr'>funesti</span> <span class='ocrx_word' id='word_1_149' title='bbox 570 2207 653 2257; x_wconf 79' lang='lat' dir='ltr'>nubila</span> <span class='ocrx_word' id='word_1_150' title='bbox 663 2222 717 2257; x_wconf 88' lang='lat' dir='ltr'>taxo</span> <span class='ocrx_word' id='word_1_151' title='bbox 730 2222 737 2263; x_wconf 80' lang='lat'>3</span> <span class='ocrx_word' id='word_1_152' title='bbox 753 2260 754 2263; x_wconf 53' lang='lat'>,</span> 
     </span>
     <span class='ocr_line' id='line_1_22' title="bbox 243 2280 795 2350; baseline -0.009 -14"><span class='ocrx_word' id='word_1_153' title='bbox 243 2285 319 2336; x_wconf 88' lang='lat' dir='ltr'>Ducit</span> <span class='ocrx_word' id='word_1_154' title='bbox 333 2284 363 2335; x_wconf 89' lang='lat' dir='ltr'>ad</span> <span class='ocrx_word' id='word_1_155' title='bbox 374 2285 477 2335; x_wconf 85' lang='lat' dir='ltr'>infernas</span> <span class='ocrx_word' id='word_1_156' title='bbox 488 2302 530 2350; x_wconf 90' lang='lat' dir='ltr'>pet</span> <span class='ocrx_word' id='word_1_157' title='bbox 542 2300 609 2334; x_wconf 89' lang='lat' dir='ltr'>muta</span> <span class='ocrx_word' id='word_1_158' title='bbox 618 2284 713 2333; x_wconf 88' lang='lat' dir='ltr'>silentia</span> <span class='ocrx_word' id='word_1_159' title='bbox 722 2280 795 2331; x_wconf 84' lang='lat' dir='ltr'>sedes.</span> 
     </span>
     <span class='ocr_line' id='line_1_23' title="bbox 244 2362 941 2427; baseline -0.014 -13"><span class='ocrx_word' id='word_1_160' title='bbox 244 2364 302 2427; x_wconf 82' lang='lat' dir='ltr'>Styx</span> <span class='ocrx_word' id='word_1_161' title='bbox 312 2362 410 2413; x_wconf 82' lang='lat' dir='ltr'>nebulas</span> <span class='ocrx_word' id='word_1_162' title='bbox 421 2362 516 2413; x_wconf 83' lang='lat' dir='ltr'>exhalat</span> <span class='ocrx_word' id='word_1_163' title='bbox 526 2366 586 2412; x_wconf 87' lang='lat' dir='ltr'>iners</span> <span class='ocrx_word' id='word_1_164' title='bbox 597 2380 602 2410; x_wconf 83' lang='lat' dir='ltr'>r</span> <span class='ocrx_word' id='word_1_165' title='bbox 617 2362 751 2425; x_wconf 76' lang='lat' dir='ltr'>umbraeque</span> <span class='ocrx_word' id='word_1_166' title='bbox 762 2370 866 2408; x_wconf 81' lang='lat' dir='ltr'>recentes</span> <span class='ocrx_word' id='word_1_167' title='bbox 939 2374 941 2379; x_wconf 92' lang='lat'>·</span> 
     </span>
     <span class='ocr_line' id='line_1_24' title="bbox 195 2434 965 2505; baseline -0.019 -9"><span class='ocrx_word' id='word_1_168' title='bbox 195 2452 225 2499; x_wconf 81' lang='lat'>43</span> <span class='ocrx_word' id='word_1_169' title='bbox 232 2440 399 2501; x_wconf 81' lang='lat' dir='ltr'>5Descendunt</span> <span class='ocrx_word' id='word_1_170' title='bbox 409 2440 484 2503; x_wconf 85' lang='lat' dir='ltr'>illac,</span> <span class='ocrx_word' id='word_1_171' title='bbox 500 2441 671 2505; x_wconf 82' lang='lat' dir='ltr'>simulacraque</span> <span class='ocrx_word' id='word_1_172' title='bbox 682 2439 761 2487; x_wconf 74' lang='lat' dir='ltr'>funiia</span> <span class='ocrx_word' id='word_1_173' title='bbox 771 2434 893 2500; x_wconf 85' lang='lat' dir='ltr'>sepulcris.</span> <span class='ocrx_word' id='word_1_174' title='bbox 964 2492 965 2495; x_wconf 8' lang='grc' dir='ltr'><strong>Ἴ</strong></span> 
     </span>
     <span class='ocr_line' id='line_1_25' title="bbox 245 2516 908 2587; baseline -0.014 -17"><span class='ocrx_word' id='word_1_175' title='bbox 245 2521 325 2570; x_wconf 87' lang='lat' dir='ltr'>Pallor</span> <span class='ocrx_word' id='word_1_176' title='bbox 336 2520 466 2587; x_wconf 85' lang='lat' dir='ltr'>Hiemsque</span> <span class='ocrx_word' id='word_1_177' title='bbox 477 2535 559 2570; x_wconf 89' lang='lat' dir='ltr'>terrent</span> <span class='ocrx_word' id='word_1_178' title='bbox 568 2516 614 2567; x_wconf 69' lang='lat' dir='ltr'>late</span> <span class='ocrx_word' id='word_1_179' title='bbox 625 2516 679 2566; x_wconf 90' lang='lat' dir='ltr'>loca</span> <span class='ocrx_word' id='word_1_180' title='bbox 691 2519 756 2565; x_wconf 85' lang='lat' dir='ltr'>senta</span> <span class='ocrx_word' id='word_1_181' title='bbox 767 2534 773 2563; x_wconf 73' lang='grc' dir='ltr'>ι</span> <span class='ocrx_word' id='word_1_182' title='bbox 785 2517 908 2579; x_wconf 86' lang='lat' dir='ltr'>novique,</span> 
     </span>
     <span class='ocr_line' id='line_1_26' title="bbox 238 2585 958 2662; baseline -0.013 -13"><span class='ocrx_word' id='word_1_183' title='bbox 238 2598 300 2659; x_wconf 76' lang='lat' dir='ltr'>Qua</span> <span class='ocrx_word' id='word_1_184' title='bbox 312 2602 342 2649; x_wconf 86' lang='lat' dir='ltr'>sit</span> <span class='ocrx_word' id='word_1_185' title='bbox 351 2602 413 2660; x_wconf 87' lang='lat' dir='ltr'>iter,</span> <span class='ocrx_word' id='word_1_186' title='bbox 424 2595 526 2659; x_wconf 85' lang='lat' dir='ltr'>Manes,</span> <span class='ocrx_word' id='word_1_187' title='bbox 542 2596 648 2661; x_wconf 85' lang='lat' dir='ltr'>Stygiam</span> <span class='ocrx_word' id='word_1_188' title='bbox 660 2592 726 2662; x_wconf 87' lang='lat' dir='ltr'>quod</span> <span class='ocrx_word' id='word_1_189' title='bbox 736 2589 803 2643; x_wconf 87' lang='lat' dir='ltr'>ducit</span> <span class='ocrx_word' id='word_1_190' title='bbox 814 2585 845 2643; x_wconf 85' lang='lat' dir='ltr'>ad</span> <span class='ocrx_word' id='word_1_191' title='bbox 856 2593 958 2651; x_wconf 86' lang='lat' dir='ltr'>urbem,</span> 
     </span>
     <span class='ocr_line' id='line_1_27' title="bbox 244 2665 1025 2743; baseline -0.009 -16"><span class='ocrx_word' id='word_1_192' title='bbox 244 2677 374 2743; x_wconf 80' lang='lat' dir='ltr'>Ignorant:</span> <span class='ocrx_word' id='word_1_193' title='bbox 388 2678 428 2725; x_wconf 90' lang='lat' dir='ltr'>ubi</span> <span class='ocrx_word' id='word_1_194' title='bbox 439 2680 469 2726; x_wconf 91' lang='lat' dir='ltr'>sit</span> <span class='ocrx_word' id='word_1_195' title='bbox 478 2678 539 2741; x_wconf 86' lang='lat' dir='ltr'>nigri</span> <span class='ocrx_word' id='word_1_196' title='bbox 550 2674 599 2724; x_wconf 85' lang='lat' dir='ltr'>fera</span> <span class='ocrx_word' id='word_1_197' title='bbox 609 2676 674 2739; x_wconf 90' lang='lat' dir='ltr'>regia</span> <span class='ocrx_word' id='word_1_198' title='bbox 685 2674 757 2723; x_wconf 87' lang='lat' dir='ltr'>Ditis.</span> <span class='ocrx_word' id='word_1_199' title='bbox 1020 2665 1025 2673; x_wconf 61' lang='lat'><strong>¹</strong></span> 
     </span>
     <span class='ocr_line' id='line_1_28' title="bbox 244 2750 847 2822; baseline -0.008 -17"><span class='ocrx_word' id='word_1_200' title='bbox 244 2752 316 2805; x_wconf 86' lang='lat' dir='ltr'>Mille</span> <span class='ocrx_word' id='word_1_201' title='bbox 326 2773 398 2822; x_wconf 89' lang='lat' dir='ltr'>capax</span> <span class='ocrx_word' id='word_1_202' title='bbox 408 2753 501 2814; x_wconf 85' lang='lat' dir='ltr'>aditus,</span> <span class='ocrx_word' id='word_1_203' title='bbox 514 2753 539 2803; x_wconf 77' lang='grc' dir='ltr'>δι</span> <span class='ocrx_word' id='word_1_204' title='bbox 549 2769 640 2819; x_wconf 89' lang='lat' dir='ltr'>apertas</span> <span class='ocrx_word' id='word_1_205' title='bbox 651 2750 756 2819; x_wconf 89' lang='lat' dir='ltr'>undique</span> <span class='ocrx_word' id='word_1_206' title='bbox 767 2766 847 2817; x_wconf 86' lang='lat' dir='ltr'>portas</span> 
     </span>
     <span class='ocr_line' id='line_1_29' title="bbox 196 2822 894 2899; baseline -0.014 -12"><span class='ocrx_word' id='word_1_207' title='bbox 196 2832 308 2898; x_wconf 83' lang='lat' dir='ltr'>440Urbs</span> <span class='ocrx_word' id='word_1_208' title='bbox 318 2835 390 2883; x_wconf 87' lang='lat' dir='ltr'>habet</span> <span class='ocrx_word' id='word_1_209' title='bbox 401 2852 408 2882; x_wconf 80' lang='lat' dir='ltr'>e</span> <span class='ocrx_word' id='word_1_210' title='bbox 421 2846 493 2899; x_wconf 91' lang='lat' dir='ltr'>utque</span> <span class='ocrx_word' id='word_1_211' title='bbox 504 2830 592 2881; x_wconf 85' lang='lat' dir='ltr'>fretum</span> <span class='ocrx_word' id='word_1_212' title='bbox 603 2826 633 2881; x_wconf 79' lang='lat' dir='ltr'>&lt;le</span> <span class='ocrx_word' id='word_1_213' title='bbox 643 2846 693 2881; x_wconf 87' lang='lat' dir='ltr'>tota</span> <span class='ocrx_word' id='word_1_214' title='bbox 705 2828 804 2879; x_wconf 87' lang='lat' dir='ltr'>flumina</span> <span class='ocrx_word' id='word_1_215' title='bbox 815 2822 894 2889; x_wconf 65' lang='lat' dir='ltr'>terri,</span> 
     </span>
     <span class='ocr_line' id='line_1_30' title="bbox 245 2905 833 2975; baseline -0.014 -14"><span class='ocrx_word' id='word_1_216' title='bbox 245 2914 283 2962; x_wconf 86' lang='lat' dir='ltr'>Sic</span> <span class='ocrx_word' id='word_1_217' title='bbox 293 2930 376 2961; x_wconf 88' lang='lat' dir='ltr'>omnes</span> <span class='ocrx_word' id='word_1_218' title='bbox 387 2915 477 2961; x_wconf 87' lang='lat' dir='ltr'>animas</span> <span class='ocrx_word' id='word_1_219' title='bbox 487 2910 555 2959; x_wconf 89' lang='lat' dir='ltr'>locus</span> <span class='ocrx_word' id='word_1_220' title='bbox 565 2913 652 2975; x_wconf 88' lang='lat' dir='ltr'>accipit</span> <span class='ocrx_word' id='word_1_221' title='bbox 663 2907 704 2957; x_wconf 91' lang='lat' dir='ltr'>ille</span> <span class='ocrx_word' id='word_1_222' title='bbox 715 2924 723 2965; x_wconf 83' lang='lat'>3</span> <span class='ocrx_word' id='word_1_223' title='bbox 735 2923 778 2955; x_wconf 88' lang='lat' dir='ltr'>nec</span> <span class='ocrx_word' id='word_1_224' title='bbox 789 2905 833 2955; x_wconf 91' lang='lat' dir='ltr'>ulli</span> 
     </span>
     <span class='ocr_line' id='line_1_31' title="bbox 245 2978 856 3056; baseline -0.015 -18"><span class='ocrx_word' id='word_1_225' title='bbox 245 2990 349 3056; x_wconf 86' lang='lat' dir='ltr'>Exiguus</span> <span class='ocrx_word' id='word_1_226' title='bbox 358 2987 449 3056; x_wconf 90' lang='lat' dir='ltr'>populo</span> <span class='ocrx_word' id='word_1_227' title='bbox 460 2989 509 3047; x_wconf 88' lang='lat' dir='ltr'>est,</span> <span class='ocrx_word' id='word_1_228' title='bbox 522 2987 646 3037; x_wconf 88' lang='lat' dir='ltr'>turbamve</span> <span class='ocrx_word' id='word_1_229' title='bbox 656 2982 765 3036; x_wconf 84' lang='lat' dir='ltr'>accedere</span> <span class='ocrx_word' id='word_1_230' title='bbox 776 2978 856 3031; x_wconf 76' lang='lat' dir='ltr'>sentit.</span> 
     </span>
     <span class='ocr_line' id='line_1_32' title="bbox 244 3060 900 3133; baseline -0.017 -15"><span class='ocrx_word' id='word_1_231' title='bbox 244 3067 331 3117; x_wconf 88' lang='lat' dir='ltr'>Errant</span> <span class='ocrx_word' id='word_1_232' title='bbox 341 3066 466 3133; x_wconf 82' lang='lat' dir='ltr'>exsangues</span> <span class='ocrx_word' id='word_1_233' title='bbox 477 3066 526 3115; x_wconf 91' lang='lat' dir='ltr'>sine</span> <span class='ocrx_word' id='word_1_234' title='bbox 536 3081 637 3131; x_wconf 88' lang='lat' dir='ltr'>corpore</span> <span class='ocrx_word' id='word_1_235' title='bbox 648 3068 672 3113; x_wconf 85' lang='lat'>&amp;</span> <span class='ocrx_word' id='word_1_236' title='bbox 682 3064 773 3113; x_wconf 86' lang='lat' dir='ltr'>ossibus</span> <span class='ocrx_word' id='word_1_237' title='bbox 785 3060 881 3109; x_wconf 73' lang='lat' dir='ltr'>Umbra</span> <span class='ocrx_word' id='word_1_238' title='bbox 892 3074 900 3119; x_wconf 74' lang='lat'>3</span> 
     </span>
     <span class='ocr_line' id='line_1_33' title="bbox 244 3141 899 3213; baseline -0.014 -17"><span class='ocrx_word' id='word_1_239' title='bbox 244 3146 347 3213; x_wconf 87' lang='lat' dir='ltr'>Parsque</span> <span class='ocrx_word' id='word_1_240' title='bbox 359 3148 439 3197; x_wconf 79' lang='lat' dir='ltr'>forum</span> <span class='ocrx_word' id='word_1_241' title='bbox 450 3145 587 3203; x_wconf 88' lang='lat' dir='ltr'>celebrant,</span> <span class='ocrx_word' id='word_1_242' title='bbox 600 3160 652 3208; x_wconf 86' lang='lat' dir='ltr'>pars</span> <span class='ocrx_word' id='word_1_243' title='bbox 664 3145 705 3190; x_wconf 92' lang='lat' dir='ltr'>imi</span> <span class='ocrx_word' id='word_1_244' title='bbox 717 3143 777 3190; x_wconf 78' lang='lat' dir='ltr'>teila</span> <span class='ocrx_word' id='word_1_245' title='bbox 785 3141 879 3203; x_wconf 86' lang='lat' dir='ltr'>tyranni</span> <span class='ocrx_word' id='word_1_246' title='bbox 889 3154 899 3197; x_wconf 80' lang='lat'>3</span> 
     </span>
     <span class='ocr_line' id='line_1_34' title="bbox 197 3222 797 3289; baseline -0.008 -17"><span class='ocrx_word' id='word_1_247' title='bbox 197 3224 301 3278; x_wconf 71' lang='lat' dir='ltr'>445Pars</span> <span class='ocrx_word' id='word_1_248' title='bbox 312 3224 368 3273; x_wconf 86' lang='lat' dir='ltr'>alias</span> <span class='ocrx_word' id='word_1_249' title='bbox 379 3239 439 3274; x_wconf 81' lang='lat' dir='ltr'>arses</span> <span class='ocrx_word' id='word_1_250' title='bbox 450 3258 459 3284; x_wconf 89' lang='lat'>,</span> <span class='ocrx_word' id='word_1_251' title='bbox 475 3226 577 3289; x_wconf 85' lang='lat' dir='ltr'>antiquae</span> <span class='ocrx_word' id='word_1_252' title='bbox 589 3222 723 3272; x_wconf 86' lang='lat' dir='ltr'>imitamina</span> <span class='ocrx_word' id='word_1_253' title='bbox 732 3222 797 3272; x_wconf 73' lang='lat' dir='ltr'>vita.</span> 
     </span>
    </p>
   </div>
   <div class='ocr_carea' id='block_1_4' title="bbox 0 0 1174 4150">
    <p class='ocr_par' dir='ltr' id='par_1_4' title="bbox 0 0 1174 4150">
     <span class='ocr_line' id='line_1_35' title="bbox 0 0 1174 4150; baseline 0 0"><span class='ocrx_word' id='word_1_254' title='bbox 0 0 1174 4150; x_wconf 95' lang='lat' dir='ltr'> </span> 
     </span>
    </p>
   </div>
  </div>
 </body>
</html>
