2334 4150
252 551 319 596 202
394 529 437 599 P.
459 531 616 600 Orrnrr
636 531 832 600 Nasonis

201 650 341 706 ²500mnia
354 653 396 717 qui
407 653 481 710 vicit,
494 653 588 709 vincet,
598 667 659 716 quos
669 654 765 701 cernitis
775 686 784 711 ‚
796 654 865 715 ignes
871 665 884 714 5

250 727 302 777 Nec
313 731 358 778 niti
375 728 481 779 materni
498 729 634 778 Vulcanum
650 744 716 794 parte
725 743 850 794 potentem

250 808 341 857 Sentiet
354 823 486 858 :ueternum
501 807 534 856 est
544 825 578 868 ,ι
596 826 636 858 me
649 807 716 874 quod
732 811 822 866 erexit,
840 810 866 855 bc
884 820 968 869 expers

249 885 327 951 Atque
343 889 449 935 immune
460 890 543 943 netis,
556 888 672 954 nullique
690 887 813 938 domabile
825 884 937 935 flammai.

248 962 323 1029 idque
339 981 401 1029 ego,
416 963 555 1014 defunilum
570 966 650 1020 terri.
670 965 804 1015 coeleffibur
817 967 866 1021 oris

200 1039 387 1102 ²55Acctpiam,
405 1043 541 1106 enutritque
559 1058 641 1090 meum
658 1041 762 1091 laetabile
777 1040 867 1091 fartum

249 1115 294 1163 Dis
306 1115 358 1165 fore
370 1115 468 1166 conlido
480 1137 487 1166 t
499 1122 518 1166 si
534 1123 587 1185 quis
597 1134 678 1170 tamen
687 1114 807 1178 Hercule,
824 1120 844 1166 si
861 1116 917 1182 quis

250 1193 319 1242 Forte
330 1193 385 1243 Deo
396 1193 515 1245 doliturus
525 1199 588 1256 erit,
597 1194 653 1246 data
663 1200 760 1261 premia
770 1196 838 1246 nolet
849 1213 857 1253 3

249 1269 295 1320 Sed
309 1269 419 1322 meruilse
435 1272 486 1322 dari
497 1275 554 1324 sciet
565 1309 573 1333 ,
586 1276 721 1338 invitusque
733 1273 855 1339 probabit·

213 1390 215 1401 .
248 1344 368 1400 Affensete
387 1349 433 1401 Dei
446 1369 452 1400 t
464 1355 552 1416 coniux
563 1367 660 1416 quoque
672 1355 736 1415 regia
744 1339 835 1402 visaest

202 1425 337 1478 260Cetera
347 1443 397 1478 non
411 1427 492 1489 duro,
510 1427 571 1479 duro
584 1444 665 1479 tamen
675 1429 761 1478 ultima
770 1427 841 1478 vultu

249 1504 319 1557 Diua
340 1503 418 1556 tuliis:
432 1508 514 1566 Jovlst
530 1509 601 1573 seque
612 1505 867 1557 indoluillenotatum.

250 1585 361 1646 interea,
377 1584 553 1652 quodcumque.
566 1585 614 1636 fuit
624 1585 761 1652 populabile
778 1584 901 1646 flamma,

250 1663 371 1715 Mulciber
384 1665 529 1722 abstulerat
549 1680 594 1714 nec
609 1661 775 1729 cognoscenda
786 1667 902 1714 remansit

250 1741 360 1791 Herculis
377 1739 479 1806 effigiest
498 1757 542 1790 nec
552 1745 682 1807 quicquam
692 1743 722 1789 ab
730 1743 834 1805 imagine
842 1738 943 1791 duiium

203 1817 337 1868 2⁶5Matris
349 1819 436 1870 habet.
452 1834 592 1884 tantumque
606 1819 672 1867 Joris
680 1818 778 1882 vestigia
788 1820 875 1868 servat.

249 1895 331 1961 thue
350 1911 427 1950 novus
438 1898 545 1962 serpens,
558 1895 637 1961 positi
654 1912 709 1944 cum
718 1895 781 1959 pelle
791 1896 885 1946 senene
897 1931 908 1958 ,

249 1975 377 2024 luxuriare
395 1975 477 2034 solet,
495 1974 641 2041 squamique
655 1976 732 2022 virere
743 1976 849 2032 recenti3

250 2056 288 2103 Sic
300 2090 308 2115 ,
328 2053 369 2103 ubi
388 2053 501 2104 mortales
512 2053 652 2116 Tirynthius
662 2053 727 2101 exuit
741 2065 822 2110 artus,

203 2170 216 2181 ..
251 2132 319 2183 Parte
340 2134 375 2182 sui
390 2132 490 2183 meliore
501 2136 587 2197 vigev,
606 2135 732 2197 majorque
747 2128 825 2181 videri

203 2210 355 2277 ²7⁰Coepit‚
371 2216 397 2262 bt
412 2210 508 2277 augusti
523 2210 575 2261 fieri
590 2212 706 2275 gravitate
715 2207 840 2258 verendus.

250 2290 330 2349 Quem
341 2304 408 2355 pater
424 2293 595 2355 omnipotens,
612 2291 675 2337 inter
685 2304 742 2337 cava
752 2286 833 2335 nubila
843 2299 957 2352 tapnim,

250 2365 401 2432 Qtradtijugo
420 2384 490 2416 curru
506 2365 652 2416 radiantibus
665 2364 748 2413 intulit
761 2364 834 2413 astris.

283 2446 359 2495 Sensit
370 2444 436 2495 Atlas
451 2444 553 2509 pondus.
565 2444 650 2509 Neque
660 2440 739 2492 adhuc
748 2441 897 2493 Stheneleius
905 2445 953 2494 irae

250 2523 359 2575 Solverat
368 2523 508 2586 Eurystheus
519 2556 528 2578 ,
545 2520 678 2587 odiumque
692 2524 718 2569 in
731 2520 799 2586 prole
809 2535 937 2585 paternum

201 2611 244 2655 ²75
250 2603 377 2653 Exercebat
387 2616 455 2653 atrox
468 2620 475 2649 e
487 2615 511 2651 st
521 2600 601 2665 longis
611 2602 680 2648 anxia
689 2600 752 2647 euris

251 2682 345 2748 Argolis
366 2680 496 2739 Alcmene,
507 2678 601 2745 questus
615 2680 656 2727 ubi
672 2691 747 2741 ponat
762 2675 858 2736 aniles,

252 2760 301 2811 Cui
315 2760 401 2810 referat
411 2760 460 2809 nati
479 2758 573 2807 testator
588 2758 645 2805 orbe
655 2755 766 2813 labores,

252 2836 330 2888 Cuive
349 2840 403 2887 suos
421 2838 502 2890 caius,
523 2834 593 2885 Iolen
609 2834 688 2884 habet.
706 2830 816 2881 Herculis
831 2829 901 2881 illam

251 2915 262 2963 i
264 2918 359 2981 inperiis
371 2952 379 2975 ,
391 2915 545 2980 thalamoque
557 2915 687 2977 animoque
697 2923 816 2975 receperat
827 2908 931 2971 Hyllum

204 2992 410 3059 eiolmplerntque
421 3007 515 3042 uterum
528 2992 643 3056 generoso
657 2991 772 3054 germine.
791 2986 840 3037 Cui
850 2989 883 3036 sic

249 3072 335 3136 Incipit
345 3072 459 3121 Alcmene
470 3088 477 3119 z
489 3070 595 3120 faveant
610 3067 654 3116 tibi
663 3068 763 3115 numina
772 3064 872 3123 saltem,

251 3148 436 3215 Corripiantque
447 3164 544 3206 motas,
564 3161 616 3195 tum
627 3143 683 3194 ctltn
699 3157 792 3193 matura
806 3142 905 3191 vocabis

249 3224 401 3289 Praepositam
418 3225 508 3277 timidis
517 3224 663 3290 parientibus
673 3220 794 3286 llirbyiam
804 3236 815 3283 5
