2334 4150
251 470 677 563 MnTAMornuosnon
700 487 737 555 L.
761 490 791 557 I.
840 512 880 584 25

165 610 221 673 Qui
237 611 306 660 colio
318 609 414 659 confine
428 624 516 674 caput:
529 611 631 675 saxoque
643 622 770 659 cruentum

165 690 277 757 Dejicit3
293 693 318 741 δι
328 688 434 739 maculat
445 702 588 753 preruptam
602 689 716 753 sanguine
727 700 832 737 cautem.

202 851 278 915 Arge,
288 852 349 913 jaces
360 868 367 899 ε
378 845 493 914 quodque
506 850 531 896 in
543 860 579 897 tot
587 848 679 897 lumina
685 846 939 907 lumenhaimbae,ite

168 927 307 977 Extinctum
325 926 358 975 est
369 944 376 975 ι
388 941 532 991 centumque
547 926 630 974 oculos
643 942 692 975 nor
709 941 811 989 occupat
825 942 880 976 una.

167 1006 267 1070 Excipit
281 1007 341 1062 hos,
360 1002 513 1067 volucrisque
523 1004 569 1052 suae
580 1005 689 1053 Saturnia
699 1004 785 1069 prunis

168 1082 307 1140 Coiiocata
323 1086 348 1131 bt
362 1083 463 1146 gemmis
474 1079 575 1131 caudam
587 1081 732 1131 stellantibus
746 1081 841 1147 impiet.

201 1242 315 1291 Pronum
331 1240 436 1301 exarsit,
451 1252 496 1290 nee
513 1234 791 1306 impetrationem,

170 1319 368 1385 Horriseramque
379 1317 455 1367 oculis
470 1322 599 1384 animoque
612 1321 702 1385 objecit
713 1320 820 1382 Erinuyn
890 1324 936 1374 725

170 1396 266 1447 Priiicir
279 1395 415 1471 Argolicae,
435 1396 589 1463 stimulosque
605 1400 631 1445 in
641 1401 735 1462 peiiora
745 1414 821 1447 caecor

170 1472 292 1525 Condidit
307 1508 316 1533 ,
331 1478 355 1523 δι
374 1472 500 1537 profugam
511 1490 552 1537 per
570 1489 650 1522 totum
662 1478 746 1525 terruit
756 1478 849 1525 orbem.

169 1551 279 1601 Ultimus
293 1553 412 1600 immenso
424 1552 539 1609 testabar,
556 1551 632 1610 Nile,
649 1552 726 1601 iabori
738 1571 744 1600 r

168 1630 252 1691 Quem
269 1629 340 1679 simul
352 1646 378 1678 ac
394 1630 494 1693 tetigit,
507 1631 636 1694 positisque
646 1632 671 1678 in
684 1633 791 1695 margine
801 1635 857 1697 ripae

169 1709 302 1759 Procubuit
315 1709 414 1773 genibus
426 1740 435 1765 ,
448 1706 604 1771 resupinoque
615 1705 688 1757 ardua
699 1708 785 1770 colio,
892 1713 943 1762 73⁶

170 1786 238 1847 Quos
255 1790 353 1851 potuit,
372 1783 437 1833 solos
449 1783 537 1833 tollens
554 1782 584 1833 ad
599 1783 676 1835 sidera
694 1786 774 1836 vuitus
784 1818 793 1842 ,

170 1866 202 1915 Et
223 1866 332 1930 gemitu,
352 1867 376 1915 bt
394 1862 518 1923 iacrymis,
535 1866 559 1910 δι
575 1862 692 1913 luctisono
699 1868 793 1929 mugitu

170 1943 237 1993 Cum
251 1944 311 1992 Jove
327 1942 377 1991 visa
386 1942 453 2005 queri
464 1939 496 1987 est
507 1974 515 1996 ‚
528 1938 648 2006 finemque
659 1959 727 1990 orare
743 1942 872 1992 mulorum.

171 2021 292 2088 Conjugis
307 2019 350 2068 iiie
366 2020 412 2067 suae
423 2015 561 2082 complexus
572 2017 637 2066 coila
648 2018 740 2067 lacertis
752 2053 760 2079 ‚

170 2102 250 2149 Finiat
268 2114 296 2148 ut
310 2109 391 2163 poeuar
406 2093 502 2146 tandem
516 2131 523 2154 ‚
536 2110 605 2159 rogat
618 2114 623 2143 :
635 2099 709 2160 inque
720 2097 827 2147 futurum
893 2120 937 2168 735

170 2181 237 2228 Pone
253 2191 349 2234 metus,
367 2177 464 2239 inquit,
480 2189 613 2237 numquam
625 2174 668 2221 tibi
680 2175 747 2222 causa
758 2172 848 2224 doloris

170 2257 228 2306 iiaec
245 2257 290 2303 erit
303 2269 308 2302 t
323 2254 450 2316 &Stygias
466 2251 533 2315 jubet
542 2251 589 2298 hoc
601 2249 682 2298 audire
693 2251 799 2316 paludes.

170 2335 205 2382 Ur
222 2333 298 2381 lenita
310 2331 363 2380 Dea
380 2330 427 2388 est,
444 2327 524 2379 vuitus
541 2330 605 2392 capit
616 2329 659 2378 ilia
670 2334 779 2394 priores:

171 2413 259 2477 Fitque
268 2407 335 2475 quod
347 2421 401 2456 ante
413 2405 468 2454 suit.
488 2407 592 2469 Fugiunt
607 2423 620 2454 e
634 2422 733 2471 corpore
747 2411 820 2470 sctae5
871 2398 874 2403 ’

163 2489 273 2539 'Cornua
287 2485 442 2535 decrescunt:
455 2481 483 2532 srt
493 2482 590 2530 luminis
602 2485 687 2532 arsiior
703 2487 777 2536 orbis.
893 2502 940 2549 740

150 2579 152 2584 '
171 2566 334 2617 Contrahitur
352 2565 439 2612 ricius:
452 2558 551 2610 redeunt
568 2562 710 2625 humerique
726 2579 875 2629 manusquep

170 2643 320 2708 Unguiaque
336 2643 362 2688 in
377 2641 462 2704 quinos
476 2636 566 2702 dilapsa
580 2638 711 2687 absumitur
728 2655 826 2704 ungues.

169 2721 209 2769 De
227 2722 291 2769 bove
307 2716 343 2766 nii
357 2716 472 2781 superest,
485 2713 569 2762 sormae
593 2715 639 2760 nisi
649 2712 758 2773 candor,
773 2717 868 2767 inilia:

171 2798 313 2862 Officioque
331 2793 420 2859 pedum
430 2792 543 2856 Nympho
554 2805 668 2839 contenta
678 2788 781 2840 duorum

170 2876 281 2940 Erigitur
294 2891 300 2920 :
313 2873 445 2936 metuitque
456 2870 537 2935 loqui,
551 2883 660 2916 nemore
672 2873 779 2933 juvenca
893 2900 908 2946 7
910 2903 937 2945 45

171 2955 282 3018 Mugiatz
295 2953 319 2998 bt
335 2947 419 2999 timidi
428 2949 499 2996 verba
510 2942 643 3012 intermissa
651 2961 761 2996 retentat.

170 3033 246 3083 Nunc
257 3030 310 3079 Dea
323 3025 424 3092 linigerai
437 3025 524 3074 coiitur
538 3023 692 3072 celeberrima
706 3025 784 3074 curbi.

203 3176 270 3226 Huic
290 3174 399 3240 Epaphus
413 3173 495 3237 magni
511 3163 603 3235 genitus
620 3167 649 3219 de
661 3171 750 3220 semine
761 3169 858 3223 taudem

207 3255 280 3303 Tom.
300 3254 336 3300 II.
596 3256 599 3263 “
745 3245 764 3298 B
