2334 4150
628 379 659 422 ,
760 392 763 396 .

195 480 621 562 Msrruorrrrossou
634 483 672 552 L.
693 483 796 556 Vrrr.
819 511 884 578 17¹

171 601 338 672 Turbatusque
351 608 409 655 novi
421 640 430 666 ,
444 603 589 670 respondit,
607 608 712 672 imagine
727 606 801 658 fassit

170 679 206 732 Di
223 699 246 732 te
256 685 414 732 submoveant
424 716 432 742 ,
443 680 475 731 6!
494 683 568 732 nostrl
577 682 678 732 infamia
686 683 761 746 secli,

171 761 236 810 Orbe
251 761 307 810 suo!
326 760 443 825 tellusque
455 762 501 808 tibi
511 774 647 825 pontusque
658 761 789 826 negentur!

172 835 245 888 Certi
258 854 304 903 ego
318 854 370 886 non
381 838 477 902 patiar,
492 837 557 886 lovis
568 837 730 899 incunabula,
746 838 858 904 Creten,
887 867 889 876 =

172 914 231 975 Quae
241 931 308 964 meus
321 915 354 964 eii
362 916 448 974 orbis,
460 930 555 964 tantum
566 919 704 981 couu‘ngere
712 918 855 971 monstrum.
894 933 938 966 too

203 992 273 1042 Dixit
283 1008 290 1040 ι
302 996 326 1041 bt
339 1024 348 1052 ,
364 1007 391 1040 ut
408 991 472 1057 leges
485 995 559 1056 captis
568 993 707 1058 justissimus
717 996 799 1046 auster

171 1068 285 1120 Hostibus
303 1071 440 1135 imposuit,
455 1069 535 1119 classis
544 1071 676 1122 retinacula
687 1071 749 1124 solvi

171 1147 242 1198 iussit
253 1165 261 1206 i
273 1152 299 1197 δι
314 1161 397 1198 seratas
406 1147 501 1212 impelli
510 1151 600 1212 remige
614 1165 712 1214 puppes.

172 1224 252 1287 Scylla
263 1259 271 1286 ,
284 1224 347 1274 freto
356 1226 410 1289 post
418 1223 494 1290 quim
508 1223 619 1276 dedustas
629 1242 686 1275 nare
696 1228 786 1277 carinas
797 1256 806 1290 ,

171 1301 225 1352 Nee
241 1302 348 1367 prestare
364 1299 451 1351 ducem
468 1303 562 1352 sceleris
579 1304 624 1352 sibi
638 1305 827 1368 praemiavidi15
892 1310 934 1360 ¹⁰5

171 1379 312 1431 Consumtis
322 1381 430 1445 precibus
439 1379 572 1431 violentam
583 1384 668 1431 transit
677 1384 702 1430 in
711 1385 790 1442 iram,

171 1455 345 1524 intendensque
363 1469 468 1518 manus,
483 1461 555 1522 passis
574 1456 703 1508 furibunda
718 1460 823 1525 capillis,

172 1533 229 1594 Qub
246 1534 308 1599 fugis
320 1569 329 1594 ,
350 1534 467 1583 exclamat
477 1569 485 1592 ,
497 1537 640 1584 meritorum
650 1537 744 1586 auslore
754 1537 853 1600 relius,

172 1611 210 1661 ΟΞ
223 1616 304 1677 patriae
313 1612 410 1678 praelate
425 1629 501 1671 meae,
512 1611 610 1676 praelate
621 1615 713 1676 parenti
724 1617 733 1663 ἓ

172 1689 229 1749 Qus
244 1690 306 1756 sugis
316 1723 325 1749 ,
336 1692 438 1739 immitis
449 1696 458 1741 Ξ
472 1693 538 1754 cujus
548 1691 647 1739 victoria
659 1690 766 1740 nostrum
894 1701 938 1732 ΗΟ

170 1768 203 1817 Et
213 1768 303 1828 scelus,
313 1773 338 1817 δι
349 1770 462 1816 meritum
474 1767 573 1816 estsnec
584 1781 607 1816 te
619 1766 674 1816 data
682 1784 797 1829 munera,
807 1784 851 1818 nec
864 1785 887 1820 te

171 1847 257 1896 Noster
267 1849 345 1897 movit
362 1862 446 1902 amor3
456 1862 501 1894 nec
516 1843 584 1910 quod
596 1847 646 1910 spes
655 1848 733 1894 omnis
744 1849 770 1894 in
781 1863 856 1896 unum
955 1861 962 1868 ·

170 1925 207 1974 Te
221 1943 276 1974 mea
288 1925 402 1989 ¹congesta
416 1923 448 1971 est
459 1927 468 1972 i
481 1922 544 1972 Nam
555 1923 605 1988 quei
616 1922 707 1973 deserta
713 1929 834 1974 revertar?
897 1944 898 1948 ¹

168 2003 198 2052 ln
209 2005 332 2068 patriam?
350 2004 458 2066 superata
468 2004 537 2065 jacet.
550 1999 597 2048 Sed
607 1998 670 2064 finge
685 2017 798 2060 manere,

169 2080 311 2130 Proditione
320 2080 375 2129 nei
391 2080 470 2128 clausa
479 2079 511 2127 est
521 2080 591 2127 mihi.
604 2079 678 2127 Patris
692 2078 723 2127 ad
731 2084 791 2129 osai
892 2090 934 2139 ¹¹5

170 2158 229 2218 Qua
245 2159 290 2207 tibi
299 2155 388 2207 donavi
399 2175 406 2204 z
418 2158 480 2204 clves
491 2153 563 2204 odere
572 2170 719 2206 merentem:

168 2237 277 2285 finitimi
295 2233 431 2298 exemplum
449 2247 569 2281 metuunt.
584 2232 748 2281 obstruximus
762 2233 846 2283 orbem

169 2314 300 2363 Terrarum
316 2313 402 2369 nobis,
419 2326 446 2359 ut
463 2309 536 2360 Crete
552 2310 604 2359 sola
622 2326 721 2376 pateret.
782 2372 787 2383 ¹

168 2391 222 2442 Hac
234 2407 330 2458 quoque
340 2395 374 2441 sic
384 2393 509 2455 prohibes?
518 2394 551 2439 sic
561 2408 605 2439 nos
616 2427 624 2451 ‚
635 2394 743 2457 ingrate,
754 2391 884 2459 relinquis?

168 2470 228 2520 Non
244 2473 346 2535 genitrix
360 2470 454 2533 Europa
474 2470 535 2528 tibi,
554 2467 596 2519 seri
608 2472 728 2535 inhospita
745 2472 840 2535 Syrtis,
888 2491 934 2521 rso

167 2550 317 2598 Armeniaeve
328 2551 413 2611 tigres,
425 2546 532 2595 austrove
549 2550 637 2610 agitata
648 2547 792 2609 Charybdis.
960 2556 963 2561 '

167 2626 221 2675 Nec
238 2627 298 2677 Jove
314 2640 340 2673 tu
354 2626 439 2675 natus:
450 2640 495 2671 uec
506 2638 582 2671 mater
592 2626 695 2688 imagine
708 2629 769 2674 tauri

166 2701 246 2753 Dubia
257 2719 298 2752 tua
313 2702 345 2751 est
357 2722 363 2749 ι
377 2703 469 2767 generis
479 2699 539 2748 falsa
549 2700 581 2747 est
592 2717 619 2748 ea
628 2700 708 2749 fabula
718 2702 797 2753 vestri.

167 2777 198 2829 Et
220 2780 302 2835 ferus,
321 2784 346 2829 bt
357 2792 438 2843 captus
448 2777 537 2826 nullius
547 2794 628 2825 amore
639 2781 764 2841 juvenca,

167 2858 217 2918 Qui
233 2873 258 2906 te
278 2861 427 2923 progenuit,
446 2871 525 2904 taurus
536 2854 591 2903 fuit.
603 2855 677 2918 Exige
689 2872 770 2919 poenas
783 2892 791 2916 ,
887 2871 928 2915 ¹25

166 2935 225 2985 Nise
241 2951 308 3001 pater
319 2933 435 2999 :gaudete
448 2931 518 2981 malis
528 2930 604 2981 modb
616 2931 711 2997 prodita
725 2934 825 2992 nostris,
853 2928 855 2932 ⁸

166 3013 262 3063 Moenia
274 3031 281 3059 ι
293 3028 350 3061 nam
360 3011 455 3065 fateor,
466 3012 561 3081 merui,
572 3014 597 3059 δι
609 3012 661 3059 sum
678 3009 752 3075 digna
764 3018 848 3077 perire.

165 3090 209 3138 Me
227 3106 309 3141 tamen
320 3107 348 3139 ex
358 3090 407 3139 illis
414 3089 499 3154 aliquis
510 3122 519 3148 ‚
532 3104 592 3153 quos
602 3090 677 3153 impia
686 3088 733 3137 laesi
741 3122 752 3143 ,

166 3167 210 3217 Me
225 3171 415 3236 perimantur,
428 3169 470 3233 qui
483 3167 560 3219 vicisti
569 3167 668 3215 crimine
679 3166 778 3226 nostro,

721 3242 773 3309 Hij
