2334 4150
228 582 817 661 Mrrarrortrrrosrorri.Vlll.
842 609 905 677 ¹79

191 711 312 774 Vertere,
329 712 420 762 succiso
438 709 559 776 liquerunt
573 707 666 774 poplite
675 709 758 759 'nervi

191 790 301 840 Forsitan
312 795 337 840 δι
352 791 432 854 Pylius
444 792 503 838 citra
512 789 619 853 Trojana
631 783 728 852 perisset
912 793 953 844 365

191 867 331 933 Tempora:
344 866 402 929 sed,
425 867 504 916 sumto
515 864 594 931 positi
610 866 736 914 conamine
751 863 780 912 ab
793 862 873 922 hasta,
891 933 894 938 Δ

190 945 288 995 Arboris
308 946 415 1005 insiluit,
435 960 486 1010 qua
498 943 573 994 stabat
589 945 714 1008 proxima,
731 943 815 990 ramis:

189 1021 368 1090 Despexitque,
380 1023 436 1072 loco
447 1036 524 1081 tutus,
536 1037 608 1087 quem
620 1020 725 1085 fugerat,
736 1018 838 1068 hostem.

190 1100 310 1151 Dentibus
326 1100 368 1150 ille
380 1099 446 1149 seror
456 1103 481 1149 in
492 1115 583 1165 querno
593 1098 670 1162 stipite
680 1099 759 1156 tritis,

191 1180 306 1230 Imminet
323 1183 414 1235 exitio,
430 1177 587 1244 frendensque
598 1179 730 1226 recentibus
747 1177 835 1236 armis,
910 1183 956 1228 370

191 1255 314 1308 Orbriadae
333 1260 414 1322 magni
424 1256 498 1305 rostro
510 1255 589 1305 femur
599 1256 677 1304 hausit
687 1251 790 1304 adunco.

190 1338 223 1394 At
244 1338 354 1399 gemini,
376 1333 485 1384 nondum
501 1333 605 1384 corleslia
615 1329 708 1387 sidera,
721 1332 824 1391 fratres,

190 1412 270 1462 Ambo
291 1415 429 1478 conspicui,
447 1415 501 1462 nive
515 1408 692 1461 candidioribus
707 1409 761 1460 albi

191 1490 349 1540 venabantur
368 1493 435 1557 equis
446 1509 452 1538 ε
465 1491 538 1539 ambo
548 1489 640 1539 vibrata
650 1505 691 1553 per
699 1503 765 1538 auras

189 1566 316 1618 Baliarum
331 1568 435 1617 tremulo
446 1567 584 1633 quatiebant
595 1565 684 1630 spicula
694 1579 773 1614 motu.
910 1566 951 1618 375

189 1644 296 1698 Vulnera
315 1642 440 1706 fecissent,
457 1646 503 1693 nisi
519 1646 604 1709 setiger
614 1646 676 1695 inter
687 1659 790 1708 opacas,

190 1722 241 1772 Nec
260 1724 356 1788 jaculis,
369 1721 424 1772 isset
434 1759 443 1779 ,
453 1739 496 1772 nec
511 1739 573 1790 equo
585 1722 638 1772 loca
646 1723 726 1788 pervia
737 1757 744 1781 ,
754 1722 833 1772 silvas.

190 1801 339 1868 Persequitur
358 1801 478 1851 Telamon
489 1819 495 1849 ε
507 1799 633 1866 studioque
643 1803 752 1850 incautus
763 1797 850 1860 eundi,

190 1878 281 1928 Pronus
298 1880 328 1928 ab
342 1881 440 1929 arborea
452 1877 539 1930 cecidit
551 1878 631 1931 radice
644 1893 761 1939 retentus,

189 1955 255 2006 Dum
267 1958 331 2007 levat
341 1960 404 2007 hunc
423 1957 521 2018 Peleus,
536 1957 637 2007 celerem
652 1959 752 2023 Tegeaea
761 1959 870 2022 sagittam
906 1949 952 2011 380

182 2033 306 2101 imposuit
317 2052 391 2086 nervo
402 2071 410 2095 ‚
426 2039 571 2103 sinuatoque
577 2036 667 2101 expulit
677 2052 741 2087 arcu.

188 2113 245 2162 lixa
264 2115 307 2163 sub
323 2132 378 2163 aure
397 2114 440 2163 seri
454 2114 574 2162 summum
587 2114 709 2178 destringit
720 2111 812 2162 arundo

189 2188 285 2257 Corpus
296 2226 304 2251 ,
323 2196 347 2241 δι
366 2195 451 2257 exiguo
462 2190 578 2241 rubefecit
589 2194 700 2257 sanguine
711 2192 779 2241 setas.

188 2267 240 2317 Nec
252 2284 333 2318 tamen
346 2268 388 2318 illa
398 2270 433 2318 sui
444 2268 547 2319 successu
558 2268 636 2319 laerior
651 2269 709 2319 iotis
721 2304 730 2331 ,

188 2344 268 2406 Quam
288 2346 423 2413 Meleagros
439 2363 497 2399 erat.
521 2348 612 2398 Primus
627 2346 711 2397 vidisse
721 2362 834 2413 putatur,
906 2343 948 2405 δεῖ

187 2421 219 2471 Et
238 2426 328 2489 primur
340 2426 408 2474 sociis
418 2427 495 2475 visum
506 2422 631 2477 ostendisse
642 2443 752 2477 cruorem
764 2445 772 2487 3

187 2498 220 2549 Et
231 2535 240 2559 ,
260 2502 392 2562 Meritum,
404 2500 500 2563 dixisse,
518 2504 578 2554 feres
589 2508 683 2555 virturis
693 2507 819 2559 honorem.

187 2576 309 2629 Erubuere
327 2584 386 2629 viri:
400 2583 470 2647 seque
482 2585 635 2632 exhortantur
647 2618 655 2641 ,
667 2581 795 2633 &addunt

188 2651 254 2703 Cum
272 2656 377 2707 clamore
389 2662 481 2708 animos
492 2678 499 2707 s
511 2662 648 2725 jaciuntque
661 2662 710 2709 sine
721 2660 804 2711 ordine
812 2662 867 2711 tela.

188 2730 271 2780 Turba
284 2749 356 2784 nocet
370 2739 436 2802 lauis
447 2754 455 2796 3
468 2740 493 2787 bt
503 2771 512 2792 ,
524 2735 584 2803 quo's
595 2740 675 2801 petit,
690 2736 791 2803 impedit
800 2740 867 2788 idus.
905 2732 950 2788 39⁶

220 2809 300 2866 Ecce,
322 2812 402 2863 furens
420 2830 503 2864 contra
514 2816 554 2863 sua
569 2814 632 2875 fata,
645 2814 778 2880 bipennifer
789 2815 858 2867 Arcas
866 2850 875 2877 ,

186 2886 280 2938 Discite
297 2889 406 2941 femineis
417 2891 476 2959 quid
489 2892 535 2941 tels
545 2893 624 2943 virilia
634 2892 754 2958 pallent,

186 2966 210 3014 0
230 2970 345 3036 juvenes!
358 2974 471 3037 operique
489 2988 543 3036 meo
553 2969 678 3022 concedite
690 3007 698 3033 ‚
710 2970 779 3023 dixit.

186 3044 240 3108 ipsa
251 3048 296 3095 suis
308 3047 365 3098 licet
380 3051 443 3097 hunc
456 3050 556 3120 Latonia
566 3065 676 3116 protegar
691 3054 781 3111 armis,

188 3120 259 3171 Hunc
277 3138 377 3184 tamen,
395 3124 485 3182 inviti,
498 3130 599 3191 perimet
610 3144 662 3179 mea
674 3126 773 3189 dextra,
784 3128 872 3192 Diani.
904 3134 946 3182 395

187 3198 258 3249 Talia
275 3202 433 3269 magniloquo
456 3201 560 3254 tumidus
578 3219 752 3256 memoraverat
766 3222 825 3255 ote:

185 3276 374 3347 Ancipitemque
388 3296 462 3331 manu
474 3282 562 3332 tollens
574 3282 675 3350 utrique
692 3284 808 3345 securim,

707 3360 770 3427 ij
