2334 4150
203 492 631 559 MerAMorrrrotrou
657 484 695 553 L.
718 487 769 554 ΙΙ.
800 510 846 575 47

135 614 194 663 Tota
205 626 288 661 tamen
298 610 390 675 quarti
408 622 473 673 pater
483 607 515 657 esl
525 610 585 657 mihi
594 623 681 672 nempe
692 606 812 658 biformis.

135 690 200 739 Talia
212 686 304 738 dicenti
313 702 367 751 part
377 686 410 735 est
419 700 524 735 extrema
535 684 638 752 querela
651 716 655 724 ·
852 706 896 759 ⁶⁶5

134 766 255 817 lntellecta
271 782 357 831 parurn
369 798 377 825 ,
390 764 535 830 confusaque
545 766 617 815 verba
628 764 702 815 suere.

134 847 193 895 Mox
203 861 249 894 nee
264 844 337 894 verba
347 840 461 908 quidem,
476 858 521 891 net
532 858 599 909 equae
608 844 678 893 sonus
688 840 731 893 ille
740 840 850 901 videtur,

135 920 181 973 Sed
192 921 329 971 simulantis
346 936 433 985 equam
444 938 451 969 t
462 936 583 985 parvoque
596 923 622 971 in
639 936 746 987 ternpore
758 936 835 972 certos

135 998 219 1051 Edidit
226 1002 351 1058 hinnitus,
365 1002 389 1049 δι
405 999 501 1048 brachia
512 1001 590 1049 movit
603 1001 629 1048 in
640 1000 732 1048 herbar.

136 1080 201 1129 Tum
214 1076 289 1143 digiti
305 1082 408 1135 to'e'unt,
423 1080 448 1125 δι
461 1079 547 1141 quinos
561 1076 646 1140 alligat
661 1093 751 1143 unguet
854 1091 901 1139 670

138 1157 254 1223 Perpetuo
264 1170 341 1204 cornu
351 1154 409 1205 levis
420 1154 507 1219 ungula
515 1172 522 1203 ε
530 1155 614 1203 crescit
625 1158 650 1203 dt
660 1159 708 1205 orit
720 1188 731 1217 ,

139 1235 169 1285 Et
185 1234 244 1284 colli
254 1235 371 1298 spatium:
380 1231 458 1296 longa
468 1248 521 1295 pars
531 1231 617 1281 ultima
625 1231 696 1298 pallae

142 1310 225 1362 Cauda
234 1310 263 1361 fit
275 1329 283 1361 e
295 1324 369 1376 utque
382 1312 439 1359 vani
450 1312 525 1359 crines
535 1326 577 1374 pet
587 1309 652 1359 colla
662 1313 790 1376 jacebant,

142 1390 169 1439 lu
189 1388 283 1438 dextras
299 1388 453 1451 abierejubar
464 1391 617 1453 :pariterque
631 1404 720 1439 novata
733 1390 767 1439 est

143 1468 172 1517 Et
188 1484 237 1519 vox
254 1472 281 1517 δι
296 1466 477 1517 faciertnomen
488 1483 585 1533 quoque
597 1467 703 1517 monstra
713 1465 807 1517 dedite.
858 1484 902 1535 ⁶75

175 1627 275 1687 Flebat,
291 1641 410 1693 opemque
422 1640 489 1675 tuam
501 1624 585 1675 frustra
595 1624 730 1689 Philyreius
738 1626 826 1684 heroe,

144 1705 280 1771 Delphice,
298 1706 427 1771 poscebat:
438 1702 480 1753 sed
490 1720 534 1754 nec
543 1702 675 1754 rescindere
688 1706 771 1770 magni

144 1780 206 1831 luffa
217 1783 284 1833 lovis
296 1797 405 1848 potetas:
416 1798 478 1841 nec,
490 1786 510 1831 ti
519 1780 651 1835 rescindere
660 1780 751 1849 posses,

146 1861 214 1910 Tunc
232 1859 323 1911 aderas.
341 1860 398 1910 Elin
410 1858 572 1927 Messeniaque
585 1876 642 1911 arva
655 1860 759 1911 colebas.

145 1936 210 1989 lllud
224 1954 276 1990 erat
290 1954 396 2004 ternpus,
412 1955 461 2004 quo
477 1954 502 1987 te
516 1940 616 2003 pastoria
628 1938 697 2004 pellis
861 1934 909 1980 ⁶⁸0

146 2018 232 2077 Terit,
249 2033 359 2084 onusque
375 2016 422 2066 fuit
433 2016 545 2065 baculum
558 2016 661 2067 silvestre
673 2016 787 2077 sinislra,

145 2097 266 2156 Alterius,
278 2093 358 2160 dispar
366 2096 467 2161 septenis
477 2094 553 2146 fistula
568 2099 659 2146 cannis.

147 2173 262 2241 Dumque
274 2189 343 2223 amor
360 2173 393 2222 est
407 2189 486 2232 curae,
505 2171 563 2222 dum
575 2188 599 2222 re
606 2188 648 2222 tua
658 2171 850 2233 filhrlamulee13

148 2249 303 2302 Incustodrtae
318 2251 398 2313 Pylios
411 2267 575 2302 memorantur
588 2253 614 2300 in
626 2268 695 2316 agros

148 2325 290 2378 Processisl'e
304 2329 386 2379 borea.
404 2326 478 2379 Videt
490 2330 531 2378 hat
545 2328 669 2380 Atlantide
678 2330 747 2397 Maia
866 2321 909 2385 ⁶⁸5

148 2406 242 2463 Natus,
261 2410 288 2456 ᾱ
303 2421 352 2457 arte
361 2406 403 2457 sui
416 2408 481 2458 silvis
490 2408 597 2458 occultat
606 2410 706 2459 abatiae.

149 2487 259 2534 Senserat
269 2488 316 2535 hoc
327 2485 419 2536 furtum
429 2501 501 2535 nemo
512 2520 521 2546 ,
535 2489 581 2535 nisi
591 2501 662 2538 notus
671 2490 698 2536 in
709 2485 754 2538 illo

149 2564 212 2613 Rure
224 2565 295 2613 senex
306 2583 313 2614 t
326 2564 423 2614 Battum
432 2565 520 2613 vicinia
529 2579 581 2614 tota
590 2566 719 2616 vocabant.

149 2642 241 2693 Divitis
257 2645 298 2692 hic
312 2643 384 2692 saltus
396 2643 542 2707 herbosaque
552 2643 638 2707 pascua
647 2642 739 2703 Nelei,

150 2721 331 2788 Nobiliumque
342 2735 423 2786 greges
440 2719 516 2770 custos
529 2721 638 2770 servabat
653 2735 777 2784 equarum.
870 2723 918 2773 690

150 2800 224 2850 Hunc
243 2802 346 2854 timuit,
360 2796 494 2865 blandique
508 2812 581 2846 manu
596 2795 707 2847 seduxit:
719 2799 759 2857 dt,
775 2795 819 2846 Eia
827 2831 836 2855 ,

151 2880 270 2945 Quisquis
287 2894 326 2937 et,
341 2878 441 2942 hospes,
458 2878 507 2936 ait,
521 2877 541 2924 si
558 2875 621 2925 sorte
635 2889 742 2925 armenta
750 2878 855 2943 requiret

151 2957 210 3006 Haec
228 2956 317 3022 aliquit
328 2973 334 3005 t
344 2951 430 3005 vidisse
436 2971 497 3020 nega
505 2967 565 3004 :neu
574 2955 651 3020 gratia
662 2953 724 3004 fusio

152 3035 231 3086 Nulla
244 3033 405 3100 rependatur,
417 3031 518 3083 nitidam
529 3049 585 3098 cape
596 3035 694 3098 premia
703 3048 810 3084 vaccam.

151 3112 183 3162 Et
206 3110 287 3162 dedit.
305 3110 408 3178 decepti
420 3113 542 3162 voeethat
559 3108 664 3160 reddidit
673 3111 774 3174 hospes,
873 3113 917 3164 695

153 3193 236 3241 Tutus
248 3207 303 3242 eas:
314 3190 374 3257 lapis
385 3189 426 3240 iste
441 3192 505 3254 prius
520 3203 561 3239 tua
570 3187 635 3238 furta
645 3187 765 3254 loquatur.
