2334 4150
281 555 350 621 280
422 547 465 619 P.
486 545 853 617 OurnrrNAsouru

168 727 173 740 ,
278 669 379 725 Credita
388 691 423 724 res
434 679 526 725 auclore
538 677 580 724 suo
590 675 630 724 eii.
642 675 722 724 Dolor
732 673 826 724 addidit
835 676 912 732 iram}

279 751 468 820 Oppreilumque
477 753 536 819 egri
547 755 645 802 tulimus
655 768 693 802 tot
702 754 731 801 ab
740 753 844 802 host-ibus
854 767 939 800 unum.

279 830 331 879 Nec
341 833 402 896 priris
412 833 541 881 abstitimus
556 823 646 882 ferrum
656 847 760 882 exercere
769 841 856 878 cruore>
866 865 874 888 ,

232 909 360 972 535Quim
370 907 424 959 data
433 927 486 976 pars
498 911 547 960 leto
558 947 566 971 ,
584 925 675 977 partem
687 909 744 974 fuga
753 923 848 973 noxque
862 911 973 956 removit.

311 1055 381 1112 liet,
400 1059 462 1106 inter
474 1055 585 1122 lapithas
597 1061 621 1106 δι
636 1056 803 1105 semihomines
818 1051 973 1112 Centauros,

277 1133 382 1194 Petelia,
403 1134 576 1200 Tlepolemus,
589 1133 657 1197 Pylio
668 1133 800 1190 referente,
811 1129 924 1181 dolorem

277 1212 392 1262 Praeteriti
403 1210 491 1260 Alcidae
500 1215 573 1260 tacito
585 1227 636 1258 non
641 1209 739 1275 pertulit
748 1225 806 1266 ore,

212 1294 216 1301 '
277 1289 355 1353 Atque
371 1292 424 1346 ait5
444 1287 565 1336 Hertulear
578 1291 667 1334 mirum
680 1285 713 1334 eil
721 1285 813 1334 oblivia
823 1281 904 1334 laudis

213 1365 215 1370 '
231 1368 333 1428 uoiiia
343 1367 389 1416 tibi
401 1400 409 1427 ,
424 1365 502 1415 senior
511 1385 517 1412 z
527 1363 590 1414 certi
607 1367 667 1412 milri
677 1365 737 1427 saepe
748 1363 836 1412 referre

277 1444 416 1509 Nubigenae
430 1442 537 1492 domitos
552 1443 599 1490 ase
609 1456 675 1505 parer
684 1441 733 1504 ipse
744 1439 845 1487 solebat.

277 1523 362 1572 'irruis
373 1519 403 1571 ad
413 1522 464 1570 het
475 1519 570 1582 Pylius:
582 1516 649 1579 Quid
660 1533 698 1566 sne
709 1513 844 1566 meminiile
855 1514 976 1566 malorum

278 1599 369 1665 Cogit?
391 1603 416 1649 δι
426 1597 542 1648 obduiios
553 1600 620 1647 annis
629 1593 762 1645 rescindere
768 1594 862 1646 Iustus?

278 1677 354 1744 lnque
368 1691 436 1726 tuum
446 1679 579 1740 genitorem
590 1672 676 1724 odiunt
684 1671 833 1738 oli'ensasque
842 1671 929 1723 fateri?

232 1752 323 1818 54rllle
339 1752 443 1820 quidem
448 1757 539 1816 maiora
548 1749 617 1818 fide(
623 1751 656 1800 Di
663 1751 686 1817 l)
699 1753 785 1816 gessit,
797 1755 823 1799 it
833 1752 921 1799 orbem

278 1829 392 1896 Implevit
409 1833 519 1888 meritise
536 1827 602 1894 quod
620 1829 718 1878 mallem
736 1826 801 1894 polle
817 1831 908 1893 negati.

277 1906 323 1958 Sed
333 1923 409 1974 neque
420 1907 592 1972 Deiphobum,
603 1921 647 1955 nec
658 1904 846 1969 Polydamanta,
859 1922 904 1955 nec
915 1908 991 1971 ipsrrm

277 1985 379 2036 Hectora
397 1983 520 2036 laudamus
532 2002 538 2032 a
550 1976 604 2050 'quis
621 1987 685 2033 enim
703 1981 836 2033 laudaverit
851 1986 959 2035 holitori

262 2122 265 2129 s
277 2057 322 2107 Ille
334 2072 386 2109 tuus
397 2061 490 2123 genitor
500 2053 617 2107 Meilenia
626 2052 717 2107 rotenia
727 2055 852 2123 quondam

232 2137 421 2199 prostravisset
438 2139 569 2185 immeritas
588 2128 673 2193 urbes,
688 2136 789 2201 Elinque
801 2136 947 2203 Pylonque,

278 2215 359 2265 Diruit
371 2231 377 2265 s
389 2219 460 2281 inque
472 2230 538 2265 meos
549 2214 638 2263 ferrum
649 2210 819 2280 ilamrnarnque
831 2231 928 2279 penates

277 2292 387 2357 Impulit.
408 2292 489 2357 thue
500 2292 560 2341 alios
572 2306 682 2357 taceam,
698 2308 758 2357 quos
772 2292 814 2341 ilie
823 2297 944 2357 peremit,

277 2369 317 2420 Bia
332 2371 371 2417 fex
382 2368 475 2418 Nelidae
486 2369 590 2424 fuimus,
601 2372 724 2434 conspecta
735 2374 860 2435 juventus:

278 2447 317 2497 Bis
328 2449 366 2496 sex
381 2446 504 2498 Herculeis
515 2446 670 2501 ceciderunt,
685 2464 725 2496 me
741 2452 820 2497 minus
830 2464 881 2498 uno
892 2484 900 2509 ,

231 2525 383 2579 iiiviribus.
404 2524 482 2590 Atque
493 2524 552 2573 alios
561 2528 626 2574 vinci
636 2522 741 2589 potuiffe·
748 2524 874 2575 ferendum
883 2528 933 2585 eii,

280 2605 345 2655 Mira
362 2603 519 2668 Periclymeni
529 2618 595 2653 mors
611 2602 659 2652 eii:
673 2600 787 2668 emperie
797 2603 885 2668 figuras

279 2685 375 2734 Sumere
394 2700 451 2750 quas
465 2680 557 2742 vellet,
575 2684 701 2747 meliusque
716 2698 828 2746 reponere
839 2683 928 2731 sumtas

279 2762 403 2828 Neptunus
418 2758 534 2820 dederat,
545 2760 615 2810 Nerei
626 2762 744 2825 sanguinis
754 2762 844 2809 austor.

279 2839 326 2889 llic
338 2874 345 2900 ,
357 2841 398 2889 ubi
415 2842 574 2905 nequicquam
584 2838 618 2887 eii
633 2837 722 2887 formas
740 2840 844 2887 vadatus
857 2839 882 2885 in
893 2852 992 2895 omnes,

234 2919 386 2975 seovertreur
401 2920 426 2966 in
439 2910 524 2967 faciem
534 2917 652 2977 volucris,
663 2932 715 2982 quae
726 2914 829 2965 fulmina
838 2918 916 2966 cursis

280 2998 349 3047 Ferre
361 2995 422 3046 folet
439 2992 552 3060 pedibus,
571 2993 655 3044 dietim
666 2996 798 3058 gratissima
811 2994 880 3057 Regi.

279 3075 375 3126 Viribus
386 3076 441 3123 usus
453 3076 518 3133 avis,
532 3076 615 3139 pennis
629 3072 751 3137 rostroque
760 3068 884 3132 redunco,

279 3155 435 3219 Hamatisque
449 3157 495 3203 uiri
510 3152 638 3203 laniaverat
650 3152 766 3215 unguibus
777 3166 829 3198 ora.

280 3230 370 3281 Tendit
384 3235 409 3281 in
421 3234 487 3281 hant*
496 3230 599 3283 unuin
613 3244 692 3281 certos
703 3230 844 3292 Tirynthius
857 3242 949 3286 attus,
