2334 4150
256 477 687 570 MarArrorruosrou
707 501 745 566 L.
763 501 806 568 V.
836 526 895 589 103

171 622 322 688 Ampycus,
339 622 429 670 albenti
442 622 532 670 velatus
544 638 652 687 tempora
662 621 732 671 vitri.
905 623 950 658 ¹¹0

170 702 213 751 Tu
226 717 346 765 quoque,
361 697 486 765 lapetide‚
505 716 556 748 non
571 702 616 748 hos
627 695 776 748 adhibendus
791 698 818 747 in
829 699 900 755 usus·,

170 779 219 828 Sed
232 782 293 845 qui,
313 780 377 842 pacis
388 794 466 841 opus,
484 781 601 826 citharam
613 794 668 826 cum
679 793 740 826 voce
750 791 861 827 moveres
872 792 882 834 ς

169 855 252 907 iussus
263 873 314 905 eras
325 856 443 904 celebrare
455 853 544 920 dapes,
557 855 690 920 festumque
701 851 821 904 carrendo.

172 935 225 985 Cui
238 935 325 1001 procul
337 936 421 986 astanti
432 970 440 994 ‚
459 936 622 1002 piesirumque
633 934 730 984 imbelle
741 935 850 993 tenenti,

177 1015 290 1064 Pettalus
301 1049 309 1069 ,
324 1014 354 1073 l,
370 1012 449 1062 ridens
461 1049 469 1074 ,
485 1015 573 1079 Stygiis
583 1029 641 1064 cane
652 1030 747 1074 cetera,
760 1011 839 1076 dixit,
905 1025 947 1070 ¹¹5

172 1089 291 1139 Manibus
302 1093 347 1148 τὰ
358 1089 419 1138 laevo
431 1105 570 1138 mucronem
584 1105 692 1154 tempore
704 1087 765 1153 figit.

174 1166 315 1222 Concidit,
333 1171 358 1216 &
370 1164 451 1231 digitis
462 1168 619 1217 morientibus
629 1167 671 1216 ille
681 1180 784 1218 retentat

172 1244 229 1292 fila
240 1243 296 1304 lyrae
305 1262 313 1303 3
326 1245 428 1310 casuque
439 1247 503 1293 canit
512 1244 646 1294 miserabile
656 1261 760 1294 carmen.

172 1321 236 1372 Non
248 1325 304 1372 sinit
316 1324 379 1371 bunc
389 1327 489 1387 impune
501 1321 567 1372 ferox
578 1319 688 1371 cecidisse
699 1323 827 1385 Lycormas
838 1339 847 1382 3

174 1400 302 1467 Raptaque
312 1399 342 1450 de
352 1399 436 1450 dextro
448 1401 540 1451 robusta
551 1403 662 1467 repagula
673 1403 735 1468 polii
900 1401 909 1433 ¹
918 1402 945 1436 ²⁰

175 1478 275 1526 Ossibus
286 1476 360 1527 illidit
371 1476 456 1528 media
467 1481 580 1528 cervicis:
595 1495 620 1528 at
631 1479 672 1528 ille

173 1557 308 1606 Procubuit
319 1573 403 1616 terrae,
420 1559 514 1607 massari
525 1573 593 1607 more
606 1561 709 1622 juvenci.

174 1630 280 1681 Demere
292 1634 399 1682 tentabat
410 1632 464 1682 lari
475 1650 572 1700 quoque
583 1633 670 1682 robora
680 1633 753 1698 pollis

174 1708 313 1775 Cinyphius
324 1711 413 1759 Pelates
426 1730 431 1758 r
446 1715 547 1760 tentanti
559 1709 655 1761 dextera
672 1711 717 1764 lixa
731 1713 763 1761 est

173 1782 285 1849 Cuspide
297 1784 449 1836 Marmaridae
462 1787 566 1849 Corythi
579 1822 588 1846 ,
607 1787 721 1854 lignoque
731 1789 837 1840 cohaesit.
902 1799 942 1848 ¹²5

172 1861 282 1910 Herenti
292 1862 353 1910 latus
366 1865 445 1912 hausit
455 1863 516 1912 Abas
528 1883 534 1912 r
548 1879 591 1913 nec
603 1869 693 1916 corruit
708 1866 750 1914 illc
764 1882 772 1925 3

173 1937 222 1988 Sed
235 1942 352 1990 retinente
364 1955 462 1987 manum
474 1944 578 1990 moriens
589 1959 601 1990 e
612 1942 677 2007 polle
692 1941 814 2007 pependit.

173 2015 294 2062 Sternitur
309 2017 333 2062 bc
348 2013 490 2074 Melaneus,
502 2014 595 2066 Perseia
606 2015 678 2065 casita
690 2016 798 2077 securus,

172 2091 205 2141 Er
216 2091 386 2142 Nasamoniaci
398 2090 501 2153 Dorylas
513 2090 644 2141 ditissimus
655 2095 714 2157 agri.

171 2169 248 2221 Dives
259 2172 310 2235 agri
321 2168 442 2235 Dorylas,
454 2186 504 2235 quo
516 2185 566 2217 non
576 2167 711 2235 possederat
722 2168 782 2221 alter
900 2184 945 2229 rto

170 2247 274 2307 Larius,
292 2262 333 2299 aut
343 2245 448 2296 totidem
459 2244 562 2295 tollebat
573 2247 640 2296 farris
653 2264 758 2299 acervos.

170 2323 251 2388 Hujus
261 2324 287 2369 in
297 2322 398 2388 obliquo
410 2318 506 2371 missurn
520 2322 584 2373 sletit
593 2326 691 2387 inguine
704 2323 792 2373 serrum
804 2342 811 2373 r

171 2400 265 2451 Letiser
274 2400 315 2448 iile
325 2398 401 2449 locus.
413 2400 493 2460 Quem
502 2400 554 2465 posi
565 2400 639 2466 quim
649 2401 754 2451 vulneris
764 2404 845 2453 auslor

173 2478 350 2544 singultantem
361 2479 487 2539 animam,
501 2480 526 2527 δι
536 2478 670 2529 versantem
682 2478 775 2531 lumina
785 2477 846 2531 vidit

171 2554 277 2604 Bastrius
284 2554 517 2615 Halcyoneus,lioc‚
525 2553 592 2620 quod
598 2558 699 2620 premis,
708 2558 797 2621 inquit,
805 2557 939 2621 habetor„

173 2631 213 2681 De
225 2647 263 2681 tot
273 2634 352 2697 agris,
363 2647 432 2681 terrae
444 2650 450 2679 r
463 2648 596 2698 corpusque
607 2635 722 2697 exsangue
732 2634 839 2700 reliquit.

172 2710 284 2776 Torquet
293 2712 318 2757 in
328 2712 392 2758 hunc
404 2708 494 2759 ballam
505 2709 585 2760 calido
597 2706 627 2759 de
637 2710 733 2759 vulnere
744 2726 838 2776 raptam

170 2785 246 2835 Ultor
258 2784 402 2836 Abantiades
413 2804 421 2833 r
433 2783 515 2836 medii
525 2802 578 2852 que
591 2802 647 2835 nate
660 2802 756 2853 recepta

173 2858 276 2911 Cervice
287 2862 365 2909 exasit
376 2860 409 2909 eli
420 2894 429 2921 ‚
444 2862 470 2910 in
481 2876 605 2927 partesque
617 2864 707 2913 eminet
717 2862 807 2913 ambas.

133 3003 139 3011 ι
172 2937 943 3010 Dumquemanumfortunajuvar3Clytiumq;,Claninquc;t40

172 3014 252 3063 Matre
263 3016 326 3064 satos
335 3015 401 3075 uni,
418 3013 511 3065 diverso
522 3015 620 3067 vulnere
634 3016 707 3068 sudir.

174 3090 241 3141 Nam
253 3090 330 3153 Clytii
341 3109 383 3157 per
394 3107 521 3162 utrumque
534 3128 542 3152 ‚
559 3099 626 3159 gravi
639 3095 724 3145 librata
735 3095 843 3155 lacerto,

171 3169 286 3218 Fraxinus
297 3172 348 3219 asia
360 3170 438 3219 femur
450 3189 456 3217 r
469 3171 573 3234 jaculum
584 3170 668 3221 Clanis
678 3190 719 3221 ore
731 3171 873 3225 momordit·

170 3241 270 3299 Occidit
283 3248 307 3296 br
319 3243 431 3301 Celadon
441 3246 579 3298 Mendesius
590 3266 596 3297 :
607 3247 697 3299 occidit
707 3250 798 3300 Astreus
810 3284 818 3309 ,

744 3326 765 3376 E
782 3329 807 3379 ir
