<?xml version="1.0" encoding="UTF-8"?>
<!DOCTYPE html PUBLIC "-//W3C//DTD XHTML 1.0 Transitional//EN"
    "http://www.w3.org/TR/xhtml1/DTD/xhtml1-transitional.dtd">
<html xmlns="http://www.w3.org/1999/xhtml" xml:lang="en" lang="en">
 <head>
  <title>
</title>
<meta http-equiv="Content-Type" content="text/html;charset=utf-8" />
  <meta name='ocr-system' content='tesseract 3.04.00' />
  <meta name='ocr-capabilities' content='ocr_page ocr_carea ocr_par ocr_line ocrx_word'/>
</head>
<body>
  <div class='ocr_page' id='page_1' title='image "./povidiinasoniso04ovidgoog_0057.png"; bbox 0 0 2334 4150; ppageno 0'>
   <div class='ocr_carea' id='block_1_1' title="bbox 195 436 838 567">
    <p class='ocr_par' dir='ltr' id='par_1_1' title="bbox 195 436 838 567">
     <span class='ocr_line' id='line_1_1' title="bbox 195 436 838 567; baseline 0.005 -27"><span class='ocrx_word' id='word_1_1' title='bbox 195 436 627 555; x_wconf 51' lang='lat' dir='ltr'>⁴ilsTirrronrnosaon</span> <span class='ocrx_word' id='word_1_2' title='bbox 650 474 686 541; x_wconf 83' lang='lat' dir='ltr'>L.</span> <span class='ocrx_word' id='word_1_3' title='bbox 713 476 763 543; x_wconf 84' lang='lat' dir='ltr'>H.</span> <span class='ocrx_word' id='word_1_4' title='bbox 798 496 838 567; x_wconf 80' lang='lat'>45</span> 
     </span>
    </p>
   </div>
   <div class='ocr_carea' id='block_1_2' title="bbox 129 592 904 1672">
    <p class='ocr_par' dir='ltr' id='par_1_2' title="bbox 130 592 776 661">
     <span class='ocr_line' id='line_1_2' title="bbox 130 592 776 661; baseline 0 -17"><span class='ocrx_word' id='word_1_5' title='bbox 130 594 176 644; x_wconf 88' lang='lat' dir='ltr'>Nec</span> <span class='ocrx_word' id='word_1_6' title='bbox 190 611 302 661; x_wconf 80' lang='lat' dir='ltr'>emptum</span> <span class='ocrx_word' id='word_1_7' title='bbox 314 592 418 645; x_wconf 83' lang='lat' dir='ltr'>dimittit</span> <span class='ocrx_word' id='word_1_8' title='bbox 427 596 485 644; x_wconf 83' lang='lat' dir='ltr'>iter:</span> <span class='ocrx_word' id='word_1_9' title='bbox 495 592 644 660; x_wconf 83' lang='lat' dir='ltr'>dominoque</span> <span class='ocrx_word' id='word_1_10' title='bbox 655 599 776 660; x_wconf 81' lang='lat' dir='ltr'>jacentem</span> 
     </span>
    </p>

    <p class='ocr_par' dir='ltr' id='par_1_3' title="bbox 129 670 765 738">
     <span class='ocr_line' id='line_1_3' title="bbox 129 670 765 738; baseline 0 -15"><span class='ocrx_word' id='word_1_11' title='bbox 129 673 190 723; x_wconf 87' lang='lat' dir='ltr'>Cum</span> <span class='ocrx_word' id='word_1_12' title='bbox 204 677 294 738; x_wconf 84' lang='lat' dir='ltr'>juvene</span> <span class='ocrx_word' id='word_1_13' title='bbox 306 672 434 722; x_wconf 75' lang='lat' dir='ltr'>Haemonio</span> <span class='ocrx_word' id='word_1_14' title='bbox 444 670 527 722; x_wconf 77' lang='lat' dir='ltr'>vidisse</span> <span class='ocrx_word' id='word_1_15' title='bbox 538 671 664 722; x_wconf 79' lang='lat' dir='ltr'>Coronida</span> <span class='ocrx_word' id='word_1_16' title='bbox 674 688 765 723; x_wconf 82' lang='lat' dir='ltr'>narrat.</span> 
     </span>
    </p>

    <p class='ocr_par' dir='ltr' id='par_1_4' title="bbox 129 748 900 971">
     <span class='ocr_line' id='line_1_4' title="bbox 129 748 900 814; baseline -0.003 -14"><span class='ocrx_word' id='word_1_17' title='bbox 129 752 217 800; x_wconf 73' lang='lat' dir='ltr'>laurea</span> <span class='ocrx_word' id='word_1_18' title='bbox 235 749 333 814; x_wconf 82' lang='lat' dir='ltr'>delapsa</span> <span class='ocrx_word' id='word_1_19' title='bbox 344 750 390 809; x_wconf 82' lang='lat' dir='ltr'>esi,</span> <span class='ocrx_word' id='word_1_20' title='bbox 402 748 484 799; x_wconf 88' lang='lat' dir='ltr'>audito</span> <span class='ocrx_word' id='word_1_21' title='bbox 500 752 600 799; x_wconf 88' lang='lat' dir='ltr'>crimine</span> <span class='ocrx_word' id='word_1_22' title='bbox 615 754 734 807; x_wconf 79' lang='lat' dir='ltr'>aurantis3</span> <span class='ocrx_word' id='word_1_23' title='bbox 852 773 900 810; x_wconf 60' lang='grc' dir='ltr'><em>Μ</em></span> 
     </span>
     <span class='ocr_line' id='line_1_5' title="bbox 129 827 798 895; baseline 0 -18"><span class='ocrx_word' id='word_1_24' title='bbox 129 828 158 877; x_wconf 84' lang='lat' dir='ltr'>Et</span> <span class='ocrx_word' id='word_1_25' title='bbox 169 832 261 893; x_wconf 83' lang='lat' dir='ltr'>pariter</span> <span class='ocrx_word' id='word_1_26' title='bbox 270 827 397 893; x_wconf 89' lang='lat' dir='ltr'>vultusque</span> <span class='ocrx_word' id='word_1_27' title='bbox 408 827 474 882; x_wconf 81' lang='lat' dir='ltr'>Deo,</span> <span class='ocrx_word' id='word_1_28' title='bbox 492 828 670 893; x_wconf 61' lang='lat' dir='ltr'>picatumque,</span> <span class='ocrx_word' id='word_1_29' title='bbox 681 828 798 895; x_wconf 82' lang='lat' dir='ltr'>colorque</span> 
     </span>
     <span class='ocr_line' id='line_1_6' title="bbox 129 904 754 971; baseline -0.003 -14"><span class='ocrx_word' id='word_1_30' title='bbox 129 906 226 957; x_wconf 85' lang='lat' dir='ltr'>Excidit</span> <span class='ocrx_word' id='word_1_31' title='bbox 238 924 245 954; x_wconf 88' lang='lat'><em>=</em></span> <span class='ocrx_word' id='word_1_32' title='bbox 257 921 331 971; x_wconf 89' lang='lat' dir='ltr'>utque</span> <span class='ocrx_word' id='word_1_33' title='bbox 342 909 434 954; x_wconf 87' lang='lat' dir='ltr'>animus</span> <span class='ocrx_word' id='word_1_34' title='bbox 446 904 532 954; x_wconf 80' lang='lat' dir='ltr'>timidi</span> <span class='ocrx_word' id='word_1_35' title='bbox 544 905 649 956; x_wconf 82' lang='lat' dir='ltr'>fervebat</span> <span class='ocrx_word' id='word_1_36' title='bbox 660 908 689 954; x_wconf 81' lang='lat' dir='ltr'>ab</span> <span class='ocrx_word' id='word_1_37' title='bbox 700 909 735 955; x_wconf 84' lang='lat' dir='ltr'>ira</span> <span class='ocrx_word' id='word_1_38' title='bbox 746 941 754 966; x_wconf 96' lang='lat'>,</span> 
     </span>
    </p>

    <p class='ocr_par' dir='ltr' id='par_1_5' title="bbox 130 980 798 1127">
     <span class='ocr_line' id='line_1_7' title="bbox 130 980 798 1048; baseline -0.003 -13"><span class='ocrx_word' id='word_1_39' title='bbox 130 987 202 1035; x_wconf 77' lang='lat' dir='ltr'>Arma</span> <span class='ocrx_word' id='word_1_40' title='bbox 217 980 310 1034; x_wconf 80' lang='lat' dir='ltr'>assueta</span> <span class='ocrx_word' id='word_1_41' title='bbox 321 986 384 1048; x_wconf 81' lang='lat' dir='ltr'>rapit</span> <span class='ocrx_word' id='word_1_42' title='bbox 397 1018 405 1042; x_wconf 92' lang='lat'>,</span> <span class='ocrx_word' id='word_1_43' title='bbox 422 982 558 1048; x_wconf 85' lang='lat' dir='ltr'>flexumque</span> <span class='ocrx_word' id='word_1_44' title='bbox 570 1000 583 1032; x_wconf 83' lang='lat' dir='ltr'>a</span> <span class='ocrx_word' id='word_1_45' title='bbox 595 984 706 1032; x_wconf 90' lang='lat' dir='ltr'>cornibus</span> <span class='ocrx_word' id='word_1_46' title='bbox 716 999 798 1033; x_wconf 84' lang='lat' dir='ltr'>arcum</span> 
     </span>
     <span class='ocr_line' id='line_1_8' title="bbox 131 1061 731 1127; baseline -0.003 -14"><span class='ocrx_word' id='word_1_47' title='bbox 131 1061 240 1113; x_wconf 78' lang='lat' dir='ltr'>Tendit:</span> <span class='ocrx_word' id='word_1_48' title='bbox 253 1066 279 1111; x_wconf 76' lang='grc' dir='ltr'>δι</span> <span class='ocrx_word' id='word_1_49' title='bbox 291 1061 334 1110; x_wconf 78' lang='lat' dir='ltr'>iila</span> <span class='ocrx_word' id='word_1_50' title='bbox 345 1063 387 1109; x_wconf 92' lang='lat' dir='ltr'>suo</span> <span class='ocrx_word' id='word_1_51' title='bbox 398 1064 468 1109; x_wconf 83' lang='lat' dir='ltr'>toties</span> <span class='ocrx_word' id='word_1_52' title='bbox 478 1078 533 1110; x_wconf 87' lang='lat' dir='ltr'>curn</span> <span class='ocrx_word' id='word_1_53' title='bbox 545 1063 639 1126; x_wconf 62' lang='lat' dir='ltr'>pectore</span> <span class='ocrx_word' id='word_1_54' title='bbox 651 1065 731 1127; x_wconf 71' lang='lat' dir='ltr'>junsia</span> 
     </span>
    </p>

    <p class='ocr_par' dir='ltr' id='par_1_6' title="bbox 133 1138 898 1359">
     <span class='ocr_line' id='line_1_9' title="bbox 133 1138 898 1205; baseline -0.004 -16"><span class='ocrx_word' id='word_1_55' title='bbox 133 1140 270 1190; x_wconf 81' lang='lat' dir='ltr'>indevitato</span> <span class='ocrx_word' id='word_1_56' title='bbox 286 1142 379 1203; x_wconf 83' lang='lat' dir='ltr'>trajecit</span> <span class='ocrx_word' id='word_1_57' title='bbox 394 1142 488 1205; x_wconf 68' lang='lat' dir='ltr'>pedore</span> <span class='ocrx_word' id='word_1_58' title='bbox 498 1138 557 1187; x_wconf 86' lang='lat' dir='ltr'>telo.</span> <span class='ocrx_word' id='word_1_59' title='bbox 854 1150 898 1199; x_wconf 73' lang='grc' dir='ltr'>σος</span> 
     </span>
     <span class='ocr_line' id='line_1_10' title="bbox 134 1214 788 1282; baseline -0.005 -14"><span class='ocrx_word' id='word_1_60' title='bbox 134 1219 181 1267; x_wconf 77' lang='lat' dir='ltr'>ina</span> <span class='ocrx_word' id='word_1_61' title='bbox 197 1216 268 1268; x_wconf 85' lang='lat' dir='ltr'>dedit</span> <span class='ocrx_word' id='word_1_62' title='bbox 283 1220 417 1282; x_wconf 82' lang='lat' dir='ltr'>gemitum,</span> <span class='ocrx_word' id='word_1_63' title='bbox 435 1219 556 1280; x_wconf 70' lang='lat' dir='ltr'>tratioque</span> <span class='ocrx_word' id='word_1_64' title='bbox 573 1214 696 1265; x_wconf 81' lang='lat' dir='ltr'>avulnere</span> <span class='ocrx_word' id='word_1_65' title='bbox 708 1215 788 1272; x_wconf 87' lang='lat' dir='ltr'>serto,</span> 
     </span>
     <span class='ocr_line' id='line_1_11' title="bbox 136 1292 713 1359; baseline -0.009 -12"><span class='ocrx_word' id='word_1_66' title='bbox 136 1293 248 1347; x_wconf 84' lang='lat' dir='ltr'>Candida</span> <span class='ocrx_word' id='word_1_67' title='bbox 262 1296 366 1359; x_wconf 88' lang='lat' dir='ltr'>puniceo</span> <span class='ocrx_word' id='word_1_68' title='bbox 377 1292 483 1359; x_wconf 82' lang='lat' dir='ltr'>perfudit</span> <span class='ocrx_word' id='word_1_69' title='bbox 494 1293 601 1343; x_wconf 84' lang='lat' dir='ltr'>membra</span> <span class='ocrx_word' id='word_1_70' title='bbox 611 1310 713 1353; x_wconf 76' lang='lat' dir='ltr'>cruore,</span> 
     </span>
    </p>

    <p class='ocr_par' dir='ltr' id='par_1_7' title="bbox 136 1368 747 1436">
     <span class='ocr_line' id='line_1_12' title="bbox 136 1368 747 1436; baseline -0.002 -14"><span class='ocrx_word' id='word_1_71' title='bbox 136 1373 166 1422; x_wconf 85' lang='lat' dir='ltr'>Et</span> <span class='ocrx_word' id='word_1_72' title='bbox 174 1372 236 1422; x_wconf 84' lang='lat' dir='ltr'>dixit</span> <span class='ocrx_word' id='word_1_73' title='bbox 247 1407 256 1427; x_wconf 88' lang='lat'>,</span> <span class='ocrx_word' id='word_1_74' title='bbox 277 1374 350 1421; x_wconf 85' lang='lat' dir='ltr'>Potui</span> <span class='ocrx_word' id='word_1_75' title='bbox 358 1387 440 1436; x_wconf 73' lang='lat' dir='ltr'>poenas</span> <span class='ocrx_word' id='word_1_76' title='bbox 451 1372 494 1419; x_wconf 87' lang='lat' dir='ltr'>tibi</span> <span class='ocrx_word' id='word_1_77' title='bbox 506 1405 514 1429; x_wconf 93' lang='lat'>,</span> <span class='ocrx_word' id='word_1_78' title='bbox 524 1372 629 1428; x_wconf 77' lang='lat' dir='ltr'>Phobe,</span> <span class='ocrx_word' id='word_1_79' title='bbox 641 1368 747 1433; x_wconf 69' lang='lat' dir='ltr'>dedisse,</span> 
     </span>
    </p>

    <p class='ocr_par' dir='ltr' id='par_1_8' title="bbox 137 1446 904 1672">
     <span class='ocr_line' id='line_1_13' title="bbox 137 1446 795 1516; baseline 0.005 -17"><span class='ocrx_word' id='word_1_80' title='bbox 137 1448 181 1499; x_wconf 88' lang='lat' dir='ltr'>Sed</span> <span class='ocrx_word' id='word_1_81' title='bbox 190 1447 308 1516; x_wconf 81' lang='lat' dir='ltr'>peperisse</span> <span class='ocrx_word' id='word_1_82' title='bbox 323 1448 404 1514; x_wconf 81' lang='lat' dir='ltr'>priris:</span> <span class='ocrx_word' id='word_1_83' title='bbox 417 1446 467 1497; x_wconf 91' lang='lat' dir='ltr'>duo</span> <span class='ocrx_word' id='word_1_84' title='bbox 478 1463 540 1497; x_wconf 89' lang='lat' dir='ltr'>nunc</span> <span class='ocrx_word' id='word_1_85' title='bbox 557 1451 689 1497; x_wconf 91' lang='lat' dir='ltr'>moriemur</span> <span class='ocrx_word' id='word_1_86' title='bbox 701 1453 727 1498; x_wconf 90' lang='lat' dir='ltr'>in</span> <span class='ocrx_word' id='word_1_87' title='bbox 740 1466 795 1501; x_wconf 82' lang='lat' dir='ltr'>una.</span> 
     </span>
     <span class='ocr_line' id='line_1_14' title="bbox 138 1524 904 1589; baseline -0.001 -13"><span class='ocrx_word' id='word_1_88' title='bbox 138 1526 255 1576; x_wconf 70' lang='lat' dir='ltr'>Hastenus</span> <span class='ocrx_word' id='word_1_89' title='bbox 270 1545 276 1575; x_wconf 78' lang='grc' dir='ltr'>ι</span> <span class='ocrx_word' id='word_1_90' title='bbox 295 1529 319 1574; x_wconf 90' lang='lat'>&amp;</span> <span class='ocrx_word' id='word_1_91' title='bbox 330 1528 417 1589; x_wconf 82' lang='lat' dir='ltr'>pariter</span> <span class='ocrx_word' id='word_1_92' title='bbox 428 1527 504 1573; x_wconf 85' lang='lat' dir='ltr'>vitam</span> <span class='ocrx_word' id='word_1_93' title='bbox 515 1540 571 1572; x_wconf 91' lang='lat' dir='ltr'>cum</span> <span class='ocrx_word' id='word_1_94' title='bbox 587 1526 699 1589; x_wconf 79' lang='lat' dir='ltr'>sanguine</span> <span class='ocrx_word' id='word_1_95' title='bbox 711 1524 782 1576; x_wconf 89' lang='lat' dir='ltr'>fudit.</span> <span class='ocrx_word' id='word_1_96' title='bbox 857 1540 904 1575; x_wconf 84' lang='lat'>610</span> 
     </span>
     <span class='ocr_line' id='line_1_15' title="bbox 139 1600 755 1672; baseline -0.008 -16"><span class='ocrx_word' id='word_1_97' title='bbox 139 1604 232 1672; x_wconf 82' lang='lat' dir='ltr'>Corpus</span> <span class='ocrx_word' id='word_1_98' title='bbox 249 1607 321 1655; x_wconf 89' lang='lat' dir='ltr'>inane</span> <span class='ocrx_word' id='word_1_99' title='bbox 333 1607 418 1653; x_wconf 73' lang='lat' dir='ltr'>anima</span> <span class='ocrx_word' id='word_1_100' title='bbox 430 1600 505 1667; x_wconf 83' lang='lat' dir='ltr'>frigus</span> <span class='ocrx_word' id='word_1_101' title='bbox 515 1600 587 1651; x_wconf 85' lang='lat' dir='ltr'>letale</span> <span class='ocrx_word' id='word_1_102' title='bbox 596 1601 704 1652; x_wconf 86' lang='lat' dir='ltr'>secuturo</span> <span class='ocrx_word' id='word_1_103' title='bbox 714 1603 755 1652; x_wconf 89' lang='lat' dir='ltr'>est.</span> 
     </span>
    </p>
   </div>
   <div class='ocr_carea' id='block_1_3' title="bbox 142 1760 927 3238">
    <p class='ocr_par' dir='ltr' id='par_1_9' title="bbox 142 1760 927 3238">
     <span class='ocr_line' id='line_1_16' title="bbox 170 1760 775 1827; baseline -0.002 -14"><span class='ocrx_word' id='word_1_104' title='bbox 170 1766 276 1815; x_wconf 80' lang='lat' dir='ltr'>Potnitet</span> <span class='ocrx_word' id='word_1_105' title='bbox 294 1763 357 1812; x_wconf 79' lang='lat' dir='ltr'>heu!</span> <span class='ocrx_word' id='word_1_106' title='bbox 374 1761 426 1811; x_wconf 81' lang='lat' dir='ltr'>serd</span> <span class='ocrx_word' id='word_1_107' title='bbox 439 1777 516 1827; x_wconf 76' lang='lat' dir='ltr'>poenae</span> <span class='ocrx_word' id='word_1_108' title='bbox 527 1760 630 1811; x_wconf 87' lang='lat' dir='ltr'>crudelis</span> <span class='ocrx_word' id='word_1_109' title='bbox 641 1778 775 1823; x_wconf 81' lang='lat' dir='ltr'>amantem3</span> 
     </span>
     <span class='ocr_line' id='line_1_17' title="bbox 142 1837 808 1907; baseline -0.003 -16"><span class='ocrx_word' id='word_1_110' title='bbox 142 1844 236 1907; x_wconf 83' lang='lat' dir='ltr'>Seque,</span> <span class='ocrx_word' id='word_1_111' title='bbox 255 1840 324 1907; x_wconf 88' lang='lat' dir='ltr'>quod</span> <span class='ocrx_word' id='word_1_112' title='bbox 338 1838 456 1899; x_wconf 86' lang='lat' dir='ltr'>audierit,</span> <span class='ocrx_word' id='word_1_113' title='bbox 473 1837 539 1905; x_wconf 87' lang='lat' dir='ltr'>quod</span> <span class='ocrx_word' id='word_1_114' title='bbox 553 1842 587 1887; x_wconf 89' lang='lat' dir='ltr'>sic</span> <span class='ocrx_word' id='word_1_115' title='bbox 604 1841 729 1900; x_wconf 84' lang='lat' dir='ltr'>exarserit,</span> <span class='ocrx_word' id='word_1_116' title='bbox 746 1840 808 1891; x_wconf 89' lang='lat' dir='ltr'>odit.</span> 
     </span>
     <span class='ocr_line' id='line_1_18' title="bbox 142 1915 816 1983; baseline -0.003 -14"><span class='ocrx_word' id='word_1_117' title='bbox 142 1919 200 1969; x_wconf 89' lang='lat' dir='ltr'>Odit</span> <span class='ocrx_word' id='word_1_118' title='bbox 214 1937 303 1977; x_wconf 86' lang='lat' dir='ltr'>avem,</span> <span class='ocrx_word' id='word_1_119' title='bbox 322 1934 446 1983; x_wconf 81' lang='lat' dir='ltr'>perquam</span> <span class='ocrx_word' id='word_1_120' title='bbox 462 1918 553 1965; x_wconf 85' lang='lat' dir='ltr'>crimen</span> <span class='ocrx_word' id='word_1_121' title='bbox 565 1918 707 1983; x_wconf 84' lang='lat' dir='ltr'>causamque</span> <span class='ocrx_word' id='word_1_122' title='bbox 717 1915 816 1967; x_wconf 89' lang='lat' dir='ltr'>dolendi</span> 
     </span>
     <span class='ocr_line' id='line_1_19' title="bbox 144 2000 903 2063; baseline -0.004 -18"><span class='ocrx_word' id='word_1_123' title='bbox 144 2000 203 2046; x_wconf 85' lang='lat' dir='ltr'>Scire</span> <span class='ocrx_word' id='word_1_124' title='bbox 211 2000 308 2047; x_wconf 78' lang='lat' dir='ltr'>coastus</span> <span class='ocrx_word' id='word_1_125' title='bbox 317 2010 378 2044; x_wconf 84' lang='lat' dir='ltr'>erat:</span> <span class='ocrx_word' id='word_1_126' title='bbox 388 2010 515 2059; x_wconf 78' lang='lat' dir='ltr'>nervumq3</span> <span class='ocrx_word' id='word_1_127' title='bbox 528 2010 629 2059; x_wconf 85' lang='lat' dir='ltr'>arcumq</span> <span class='ocrx_word' id='word_1_128' title='bbox 645 2011 794 2063; x_wconf 76' lang='lat' dir='ltr'>3manumq3</span> <span class='ocrx_word' id='word_1_129' title='bbox 859 2013 903 2063; x_wconf 72' lang='lat'>⁶¹5</span> 
     </span>
     <span class='ocr_line' id='line_1_20' title="bbox 144 2071 746 2140; baseline -0.008 -16"><span class='ocrx_word' id='word_1_130' title='bbox 144 2074 214 2136; x_wconf 73' lang='lat' dir='ltr'>Odit,</span> <span class='ocrx_word' id='word_1_131' title='bbox 227 2091 333 2140; x_wconf 85' lang='lat' dir='ltr'>cumque</span> <span class='ocrx_word' id='word_1_132' title='bbox 342 2089 427 2127; x_wconf 82' lang='lat' dir='ltr'>manu,</span> <span class='ocrx_word' id='word_1_133' title='bbox 439 2076 561 2121; x_wconf 83' lang='lat' dir='ltr'>temeraria</span> <span class='ocrx_word' id='word_1_134' title='bbox 573 2071 631 2129; x_wconf 87' lang='lat' dir='ltr'>teia,</span> <span class='ocrx_word' id='word_1_135' title='bbox 642 2073 746 2136; x_wconf 82' lang='lat' dir='ltr'>sagittas.</span> 
     </span>
     <span class='ocr_line' id='line_1_21' title="bbox 144 2148 758 2219; baseline -0.008 -16"><span class='ocrx_word' id='word_1_136' title='bbox 144 2152 332 2219; x_wconf 84' lang='lat' dir='ltr'>Coliapsamque</span> <span class='ocrx_word' id='word_1_137' title='bbox 348 2151 431 2210; x_wconf 74' lang='lat' dir='ltr'>soret,</span> <span class='ocrx_word' id='word_1_138' title='bbox 444 2149 540 2214; x_wconf 77' lang='lat' dir='ltr'>setique</span> <span class='ocrx_word' id='word_1_139' title='bbox 550 2167 596 2214; x_wconf 86' lang='lat' dir='ltr'>ope</span> <span class='ocrx_word' id='word_1_140' title='bbox 605 2153 700 2197; x_wconf 87' lang='lat' dir='ltr'>vincere</span> <span class='ocrx_word' id='word_1_141' title='bbox 709 2148 758 2198; x_wconf 85' lang='lat' dir='ltr'>fata</span> 
     </span>
     <span class='ocr_line' id='line_1_22' title="bbox 145 2227 717 2290; baseline -0.003 -12"><span class='ocrx_word' id='word_1_142' title='bbox 145 2230 254 2290; x_wconf 88' lang='lat' dir='ltr'>Nititur,</span> <span class='ocrx_word' id='word_1_143' title='bbox 274 2233 300 2278; x_wconf 75' lang='lat' dir='ltr'>dc</span> <span class='ocrx_word' id='word_1_144' title='bbox 315 2227 418 2277; x_wconf 82' lang='lat' dir='ltr'>medicas</span> <span class='ocrx_word' id='word_1_145' title='bbox 433 2242 524 2274; x_wconf 82' lang='lat' dir='ltr'>exercet</span> <span class='ocrx_word' id='word_1_146' title='bbox 535 2230 637 2275; x_wconf 82' lang='lat' dir='ltr'>inaniter</span> <span class='ocrx_word' id='word_1_147' title='bbox 647 2241 717 2276; x_wconf 84' lang='lat' dir='ltr'>artes.</span> 
     </span>
     <span class='ocr_line' id='line_1_23' title="bbox 144 2305 802 2372; baseline 0.002 -16"><span class='ocrx_word' id='word_1_148' title='bbox 144 2307 200 2366; x_wconf 79' lang='lat' dir='ltr'>Quae</span> <span class='ocrx_word' id='word_1_149' title='bbox 212 2307 267 2372; x_wconf 88' lang='lat' dir='ltr'>post</span> <span class='ocrx_word' id='word_1_150' title='bbox 277 2305 352 2371; x_wconf 72' lang='lat' dir='ltr'>quim</span> <span class='ocrx_word' id='word_1_151' title='bbox 363 2305 447 2354; x_wconf 82' lang='lat' dir='ltr'>frusira</span> <span class='ocrx_word' id='word_1_152' title='bbox 463 2320 564 2362; x_wconf 75' lang='lat' dir='ltr'>rentat23</span> <span class='ocrx_word' id='word_1_153' title='bbox 579 2321 712 2369; x_wconf 81' lang='lat' dir='ltr'>rogumque</span> <span class='ocrx_word' id='word_1_154' title='bbox 725 2309 802 2372; x_wconf 83' lang='lat' dir='ltr'>parari</span> 
     </span>
     <span class='ocr_line' id='line_1_24' title="bbox 145 2384 908 2448; baseline -0.007 -15"><span class='ocrx_word' id='word_1_155' title='bbox 145 2387 237 2444; x_wconf 85' lang='lat' dir='ltr'>Sensit,</span> <span class='ocrx_word' id='word_1_156' title='bbox 252 2389 277 2434; x_wconf 75' lang='lat' dir='ltr'>dt</span> <span class='ocrx_word' id='word_1_157' title='bbox 289 2386 380 2433; x_wconf 86' lang='lat' dir='ltr'>arsuros</span> <span class='ocrx_word' id='word_1_158' title='bbox 394 2384 506 2448; x_wconf 85' lang='lat' dir='ltr'>supremis</span> <span class='ocrx_word' id='word_1_159' title='bbox 520 2384 614 2446; x_wconf 79' lang='lat' dir='ltr'>ignibus</span> <span class='ocrx_word' id='word_1_160' title='bbox 630 2398 712 2442; x_wconf 82' lang='lat' dir='ltr'>artus,</span> <span class='ocrx_word' id='word_1_161' title='bbox 861 2402 908 2438; x_wconf 63' lang='lat'>420</span> 
     </span>
     <span class='ocr_line' id='line_1_25' title="bbox 146 2460 765 2530; baseline -0.002 -19"><span class='ocrx_word' id='word_1_162' title='bbox 146 2461 208 2512; x_wconf 81' lang='lat' dir='ltr'>Tur&#39;n</span> <span class='ocrx_word' id='word_1_163' title='bbox 216 2461 277 2512; x_wconf 79' lang='lat' dir='ltr'>verd</span> <span class='ocrx_word' id='word_1_164' title='bbox 289 2465 391 2530; x_wconf 79' lang='lat' dir='ltr'>gemitus</span> <span class='ocrx_word' id='word_1_165' title='bbox 405 2460 577 2529; x_wconf 88' lang='lat' dir='ltr'>(nequeenim</span> <span class='ocrx_word' id='word_1_166' title='bbox 590 2461 693 2510; x_wconf 79' lang='lat' dir='ltr'>coelestia</span> <span class='ocrx_word' id='word_1_167' title='bbox 704 2464 765 2528; x_wconf 78' lang='lat' dir='ltr'>tingi</span> 
     </span>
     <span class='ocr_line' id='line_1_26' title="bbox 146 2535 710 2606; baseline -0.005 -17"><span class='ocrx_word' id='word_1_168' title='bbox 146 2541 193 2589; x_wconf 80' lang='lat' dir='ltr'>Ora</span> <span class='ocrx_word' id='word_1_169' title='bbox 203 2540 276 2590; x_wconf 89' lang='lat' dir='ltr'>decet</span> <span class='ocrx_word' id='word_1_170' title='bbox 286 2539 397 2602; x_wconf 86' lang='lat' dir='ltr'>lacrymis</span> <span class='ocrx_word' id='word_1_171' title='bbox 409 2538 418 2606; x_wconf 88' lang='lat'>)</span> <span class='ocrx_word' id='word_1_172' title='bbox 432 2537 482 2588; x_wconf 85' lang='lat' dir='ltr'>aito</span> <span class='ocrx_word' id='word_1_173' title='bbox 495 2536 525 2588; x_wconf 90' lang='lat' dir='ltr'>de</span> <span class='ocrx_word' id='word_1_174' title='bbox 539 2535 612 2590; x_wconf 84' lang='lat' dir='ltr'>corde</span> <span class='ocrx_word' id='word_1_175' title='bbox 623 2542 710 2603; x_wconf 86' lang='lat' dir='ltr'>petitos</span> 
     </span>
     <span class='ocr_line' id='line_1_27' title="bbox 146 2614 862 2682; baseline -0.006 -13"><span class='ocrx_word' id='word_1_176' title='bbox 146 2618 239 2669; x_wconf 79' lang='lat' dir='ltr'>Edidit.</span> <span class='ocrx_word' id='word_1_177' title='bbox 261 2615 335 2666; x_wconf 79' lang='lat' dir='ltr'>Haud</span> <span class='ocrx_word' id='word_1_178' title='bbox 345 2617 414 2666; x_wconf 85' lang='lat' dir='ltr'>aliter</span> <span class='ocrx_word' id='word_1_179' title='bbox 425 2649 433 2675; x_wconf 93' lang='lat'>,</span> <span class='ocrx_word' id='word_1_180' title='bbox 450 2614 524 2681; x_wconf 76' lang='lat' dir='ltr'>quim</span> <span class='ocrx_word' id='word_1_181' title='bbox 535 2617 607 2673; x_wconf 81' lang='lat' dir='ltr'>crim,</span> <span class='ocrx_word' id='word_1_182' title='bbox 618 2618 734 2679; x_wconf 77' lang='lat' dir='ltr'>spestante</span> <span class='ocrx_word' id='word_1_183' title='bbox 744 2617 862 2682; x_wconf 75' lang='lat' dir='ltr'>juvenci,</span> 
     </span>
     <span class='ocr_line' id='line_1_28' title="bbox 147 2685 916 2754; baseline -0.012 -8"><span class='ocrx_word' id='word_1_184' title='bbox 147 2697 266 2747; x_wconf 70' lang='lat' dir='ltr'>inuentis</span> <span class='ocrx_word' id='word_1_185' title='bbox 283 2695 368 2754; x_wconf 83' lang='lat' dir='ltr'>vituli,</span> <span class='ocrx_word' id='word_1_186' title='bbox 389 2692 472 2743; x_wconf 77' lang='lat' dir='ltr'>dextri</span> <span class='ocrx_word' id='word_1_187' title='bbox 485 2693 584 2742; x_wconf 86' lang='lat' dir='ltr'>libratus</span> <span class='ocrx_word' id='word_1_188' title='bbox 598 2693 628 2739; x_wconf 87' lang='lat' dir='ltr'>ab</span> <span class='ocrx_word' id='word_1_189' title='bbox 645 2709 715 2752; x_wconf 85' lang='lat' dir='ltr'>aure,</span> <span class='ocrx_word' id='word_1_190' title='bbox 912 2685 916 2694; x_wconf 80' lang='grc'><strong>’</strong></span> 
     </span>
     <span class='ocr_line' id='line_1_29' title="bbox 148 2759 927 2840; baseline -0.01 -17"><span class='ocrx_word' id='word_1_191' title='bbox 148 2775 271 2840; x_wconf 83' lang='lat' dir='ltr'>Tempora</span> <span class='ocrx_word' id='word_1_192' title='bbox 288 2771 397 2822; x_wconf 81' lang='lat' dir='ltr'>discussit</span> <span class='ocrx_word' id='word_1_193' title='bbox 408 2771 472 2820; x_wconf 84' lang='lat' dir='ltr'>claro</span> <span class='ocrx_word' id='word_1_194' title='bbox 480 2787 537 2820; x_wconf 77' lang='lat' dir='ltr'>cava</span> <span class='ocrx_word' id='word_1_195' title='bbox 549 2769 650 2818; x_wconf 84' lang='lat' dir='ltr'>malleus</span> <span class='ocrx_word' id='word_1_196' title='bbox 660 2771 717 2819; x_wconf 71' lang='lat' dir='ltr'>ictu.</span> <span class='ocrx_word' id='word_1_197' title='bbox 867 2790 911 2837; x_wconf 67' lang='lat'>525</span> <span class='ocrx_word' id='word_1_198' title='bbox 923 2759 927 2768; x_wconf 60' lang='lat'><strong>¹</strong></span> 
     </span>
     <span class='ocr_line' id='line_1_30' title="bbox 147 2845 722 2914; baseline -0.005 -15"><span class='ocrx_word' id='word_1_199' title='bbox 147 2852 180 2901; x_wconf 91' lang='lat' dir='ltr'>Ur</span> <span class='ocrx_word' id='word_1_200' title='bbox 192 2867 278 2906; x_wconf 84' lang='lat' dir='ltr'>tamen</span> <span class='ocrx_word' id='word_1_201' title='bbox 288 2853 393 2914; x_wconf 81' lang='lat' dir='ltr'>ingratos</span> <span class='ocrx_word' id='word_1_202' title='bbox 404 2852 428 2900; x_wconf 89' lang='lat' dir='ltr'>in</span> <span class='ocrx_word' id='word_1_203' title='bbox 438 2853 532 2913; x_wconf 72' lang='lat' dir='ltr'>petiora</span> <span class='ocrx_word' id='word_1_204' title='bbox 542 2845 607 2896; x_wconf 91' lang='lat' dir='ltr'>fudit</span> <span class='ocrx_word' id='word_1_205' title='bbox 616 2845 702 2896; x_wconf 84' lang='lat' dir='ltr'>odores</span> <span class='ocrx_word' id='word_1_206' title='bbox 713 2882 722 2908; x_wconf 93' lang='lat'>‚</span> 
     </span>
     <span class='ocr_line' id='line_1_31' title="bbox 148 2926 763 2993; baseline 0 -16"><span class='ocrx_word' id='word_1_207' title='bbox 148 2929 177 2979; x_wconf 83' lang='lat' dir='ltr'>Et</span> <span class='ocrx_word' id='word_1_208' title='bbox 194 2929 266 2980; x_wconf 88' lang='lat' dir='ltr'>dedit</span> <span class='ocrx_word' id='word_1_209' title='bbox 281 2928 417 2993; x_wconf 85' lang='lat' dir='ltr'>amplexus,</span> <span class='ocrx_word' id='word_1_210' title='bbox 434 2927 564 2992; x_wconf 71' lang='lat' dir='ltr'>iniustaque</span> <span class='ocrx_word' id='word_1_211' title='bbox 576 2926 636 2991; x_wconf 85' lang='lat' dir='ltr'>justa</span> <span class='ocrx_word' id='word_1_212' title='bbox 652 2929 763 2992; x_wconf 78' lang='lat' dir='ltr'>peregit3</span> 
     </span>
     <span class='ocr_line' id='line_1_32' title="bbox 149 3003 760 3056; baseline -0.002 0"><span class='ocrx_word' id='word_1_213' title='bbox 149 3007 204 3056; x_wconf 82' lang='lat' dir='ltr'>Non</span> <span class='ocrx_word' id='word_1_214' title='bbox 224 3007 283 3056; x_wconf 90' lang='lat' dir='ltr'>tulit</span> <span class='ocrx_word' id='word_1_215' title='bbox 300 3008 426 3054; x_wconf 80' lang='lat' dir='ltr'>incineret</span> <span class='ocrx_word' id='word_1_216' title='bbox 440 3004 487 3053; x_wconf 89' lang='lat' dir='ltr'>labi</span> <span class='ocrx_word' id='word_1_217' title='bbox 498 3006 539 3053; x_wconf 81' lang='lat' dir='ltr'>sua</span> <span class='ocrx_word' id='word_1_218' title='bbox 550 3005 652 3053; x_wconf 73' lang='lat' dir='ltr'>Phoebus</span> <span class='ocrx_word' id='word_1_219' title='bbox 664 3003 760 3055; x_wconf 88' lang='lat' dir='ltr'>eosdem</span> 
     </span>
     <span class='ocr_line' id='line_1_33' title="bbox 149 3080 773 3147; baseline 0.002 -16"><span class='ocrx_word' id='word_1_220' title='bbox 149 3084 260 3134; x_wconf 84' lang='lat' dir='ltr'>Semina:</span> <span class='ocrx_word' id='word_1_221' title='bbox 272 3080 312 3132; x_wconf 93' lang='lat' dir='ltr'>sed</span> <span class='ocrx_word' id='word_1_222' title='bbox 329 3098 414 3132; x_wconf 85' lang='lat' dir='ltr'>natum</span> <span class='ocrx_word' id='word_1_223' title='bbox 431 3081 532 3132; x_wconf 85' lang='lat' dir='ltr'>flammis</span> <span class='ocrx_word' id='word_1_224' title='bbox 544 3098 659 3147; x_wconf 87' lang='lat' dir='ltr'>uteroque</span> <span class='ocrx_word' id='word_1_225' title='bbox 670 3087 773 3146; x_wconf 83' lang='lat' dir='ltr'>parentis</span> 
     </span>
     <span class='ocr_line' id='line_1_34' title="bbox 148 3159 916 3238; baseline -0.004 -26"><span class='ocrx_word' id='word_1_226' title='bbox 148 3161 261 3230; x_wconf 80' lang='lat' dir='ltr'>Eripuit,</span> <span class='ocrx_word' id='word_1_227' title='bbox 280 3163 417 3230; x_wconf 76' lang='lat' dir='ltr'>geminique</span> <span class='ocrx_word' id='word_1_228' title='bbox 431 3161 486 3212; x_wconf 83' lang='lat' dir='ltr'>tulit</span> <span class='ocrx_word' id='word_1_229' title='bbox 497 3159 610 3212; x_wconf 88' lang='lat' dir='ltr'>Chironis</span> <span class='ocrx_word' id='word_1_230' title='bbox 619 3163 644 3208; x_wconf 91' lang='lat' dir='ltr'>in</span> <span class='ocrx_word' id='word_1_231' title='bbox 655 3174 758 3228; x_wconf 85' lang='lat' dir='ltr'>¹antrum.</span> <span class='ocrx_word' id='word_1_232' title='bbox 868 3186 916 3238; x_wconf 67' lang='lat'>⁶30</span> 
     </span>
    </p>
   </div>
   <div class='ocr_carea' id='block_1_4' title="bbox 0 0 1203 4150">
    <p class='ocr_par' dir='ltr' id='par_1_10' title="bbox 0 0 1203 4150">
     <span class='ocr_line' id='line_1_35' title="bbox 0 0 1203 4150; baseline 0 0"><span class='ocrx_word' id='word_1_233' title='bbox 0 0 1203 4150; x_wconf 95' lang='lat' dir='ltr'> </span> 
     </span>
    </p>
   </div>
  </div>
 </body>
</html>
