2334 4150
323 554 390 619 170
465 527 508 598 P.
534 527 691 596 Ournrr
706 503 914 596 Nasonis

318 651 476 720 impensique
491 653 526 699 sui
535 651 624 714 poterit
633 650 740 713 superate
751 653 850 698 cruoris.

317 730 399 792 Qualtn
412 744 494 780 metuo
509 725 590 786 certi,
605 729 700 792 nequis
715 740 755 775 tua
771 729 881 791 potiora,
896 727 993 789 Minos,

269 821 298 875 65
319 808 433 857 Vulneret
447 803 600 870 imprudens!
613 807 665 870 quis
676 806 741 854 enim
752 819 802 855 tam
816 802 899 860 dirus,
911 809 970 856 utin
985 823 1007 857 te

315 885 423 950 Dirigere
439 885 576 942 immitem,
595 885 640 931 nisi
651 884 741 932 nescius
753 916 761 943 ‚
775 881 860 934 audeat
870 885 975 934 hastam?
1014 873 1018 882 ¹

105 946 107 957 ³
211 984 213 989 ¹
313 960 617 1027 Coeptaplacent,&stat
631 962 746 1010 sententia
761 959 851 1012 tradere
866 979 962 1012 mecum

310 1039 424 1090 Dotalern
440 1043 561 1105 patriam
579 1037 700 1104 finemque
714 1041 837 1104 imponere
854 1039 927 1088 bello.

309 1116 400 1181 Vertlm
413 1117 476 1167 velle
486 1133 570 1182 parum
587 1117 628 1165 est.
644 1114 728 1166 Aditus
736 1115 842 1166 custodia
852 1119 946 1178 servat,

260 1215 292 1258 70
308 1193 463 1261 Claustraque
471 1210 596 1260 portarurn
607 1196 700 1259 genitor
711 1194 866 1244 tenetsllunc
878 1211 922 1260 ego
934 1196 1009 1248 solum

306 1272 393 1322 Infelix
402 1276 477 1323 timeo
489 1291 496 1323 s
508 1274 571 1322 solus
585 1289 639 1321 mea
649 1286 706 1322 vota
716 1287 831 1322 mutatur.

304 1347 340 1398 Di
357 1349 463 1402 facerent
474 1385 483 1412 ‚
503 1353 553 1400 sine
563 1365 628 1415 patre
639 1349 730 1398 brem!
743 1351 792 1398 Sibi
802 1353 902 1415 quisque
912 1351 1018 1415 profesto

304 1428 343 1478 Pit
359 1428 440 1478 Deus:
451 1431 543 1494 ignaris
557 1429 665 1494 precibus
678 1428 783 1476 Fortuna
794 1443 917 1492 repugnat.

304 1505 386 1556 Altera
396 1511 445 1573 jam
459 1504 552 1557 dudum
562 1507 672 1556 succensa
687 1503 807 1571 Cupidine
818 1520 885 1554 tanto

254 1588 283 1637 75
303 1583 400 1634 Perdere
422 1583 555 1650 gauderet,
571 1582 741 1652 quodcumque
755 1582 858 1634 obstaret
872 1584 957 1632 amori.

301 1662 333 1712 Et
352 1678 394 1712 cur
411 1662 460 1711 ulla
476 1662 539 1711 foret
555 1679 594 1710 rne
612 1661 714 1713 fortior?
725 1664 759 1708 ire
774 1677 815 1724 per
830 1664 909 1726 ignes,

300 1739 344 1788 Per
359 1737 452 1804 gladios
463 1743 547 1788 ausim.
558 1737 643 1802 Neque
653 1741 678 1786 in
689 1741 736 1786 hoc
745 1753 825 1787 tamen
835 1741 929 1803 ignibus
941 1739 1015 1798 ullis,
1027 1769 1036 1786 .

299 1819 349 1864 Aut
356 1813 442 1879 gladiis
458 1831 517 1879 opus
536 1815 582 1862 est:
595 1829 654 1878 opus
665 1815 697 1862 est
707 1816 767 1865 mihi
778 1817 842 1863 crine
852 1831 961 1880 paterno.

300 1891 346 1940 llla
364 1893 425 1940 mihi
441 1891 474 1940 est
484 1907 541 1940 anro
551 1893 679 1957 pretiosior
690 1925 698 1950 ,
714 1889 860 1940 illabentem

251 1962 282 2010 80
297 1968 402 2036 Purpura
413 1985 465 2024 me,
476 1971 575 2035 votique
584 1971 633 2018 mei
641 1968 728 2018 fallura
737 1981 869 2033 putentem.

328 2115 399 2167 Talia
415 2114 522 2178 dicenti,
533 2132 642 2167 curarum
653 2117 757 2167 maxima
767 2118 847 2166 nutrix

294 2193 352 2245 Nox
369 2195 496 2247 intervinit
505 2214 513 2254 3
522 2195 670 2261 tenebrisque
685 2192 783 2245 audacia
792 2197 877 2244 crevit.

293 2272 373 2322 Prima
388 2277 454 2339 quies
465 2272 564 2331 aderat,
577 2272 625 2339 qui
635 2276 696 2323 cutis
707 2270 764 2323 fella
778 2271 868 2323 diurnis

292 2350 389 2400 Pectora
407 2353 504 2400 somnus
518 2352 590 2399 haber
601 2368 607 2398 e
620 2350 737 2399 thalamos
750 2354 866 2401 taciturna
879 2364 993 2421 pqtemoe

243 2416 257 2465 ⁸
261 2432 272 2481 5
292 2428 368 2476 Intrat
381 2444 389 2487 3
410 2431 435 2476 dt
447 2462 456 2489 ‚
467 2430 514 2477 heu
524 2427 633 2476 facinus!
647 2427 715 2477 fatali
725 2442 780 2477 nata
792 2444 914 2493 parentem

291 2504 366 2557 Crine
377 2507 447 2555 suurn
463 2504 550 2570 spoliat
560 2524 567 2553 z
576 2502 701 2570 praddque
712 2509 790 2570 potita
800 2504 903 2557 nefmda

290 2584 347 2633 Fert
361 2584 441 2632 secum
450 2583 555 2648 spolium
565 2582 658 2632 sceleris
668 2600 675 2641 3
688 2582 853 2651 progrelsaque
861 2584 932 2648 porti

289 2662 334 2711 Per
347 2659 440 2712 medios
450 2662 527 2711 hostes
538 2695 547 2720 ,
558 2663 649 2709 meritis
659 2650 747 2711 fiducia
758 2677 822 2711 tanta
833 2664 880 2712 elli
893 2718 896 2725 ,

290 2741 399 2790 Pervenit
410 2738 441 2789 ad
452 2756 549 2804 regem,
560 2755 633 2805 quem
643 2742 676 2787 sic
686 2738 758 2789 affata
768 2756 902 2804 paventem.

240 2826 273 2869 90
290 2820 367 2867 Suasit
386 2834 454 2866 amor
465 2816 555 2865 facinus
567 2834 573 2865 t
587 2816 664 2881 proles
676 2834 721 2881 ego
734 2821 798 2883 regia
809 2818 861 2867 Nisi

289 2896 381 2959 Scylla,
393 2898 436 2944 tibi
449 2892 519 2943 trado
528 2897 664 2959 patriosque
675 2910 788 2959 meosque
799 2896 906 2945 Penates.
977 2948 981 2956 ,

287 2975 386 3024 Praemia
397 2973 464 3023 nulla
476 2988 550 3038 peto,
562 2976 607 3023 nisi
623 2988 646 3021 te
656 2991 662 3021 r
674 2988 730 3036 cape
739 2975 824 3035 pignus
834 2976 922 3023 amoris

286 3053 433 3117 Purpureum
444 3053 549 3108 crinem3
565 3068 609 3099 nec
620 3066 658 3099 me
668 3066 731 3097 nunc
740 3047 830 3097 tradere
837 3052 943 3111 crinem,

285 3129 331 3177 Sed
348 3121 452 3192 patrium
463 3129 507 3177 tibi
516 3127 585 3177 erede
594 3140 672 3191 caput.
681 3126 843 3194 Scelerataque
854 3124 939 3181 dextri

234 3211 264 3258 >5
286 3205 387 3254 Munera
396 3208 509 3270 porrexit.
520 3206 602 3256 Minos
613 3206 719 3269 porredla
728 3204 817 3271 refugit
827 3221 837 3264 3
