2334 4150
256 545 328 631 236
400 539 833 638 P.ern11NAaours

255 663 380 730 Tergaque
393 664 507 728 inflantur
518 663 592 710 crines
602 677 643 726 per
651 661 769 714 eburnea,
782 674 888 726 qua-que

255 741 388 805 Poplitibus
399 741 509 790 suberant
519 741 581 802 piilo
592 739 702 802 genualia
713 739 803 796 limbos

255 817 330 885 Inque
340 815 438 884 puellari
452 833 538 881 corpus
549 815 652 866 candore
663 818 777 866 ruborem

209 897 378 960 525Traserat.
394 890 465 942 Haud
475 893 558 953 aliter,
570 894 645 959 quim
657 895 714 942 crim
724 895 792 959 super
800 896 861 942 atria
873 892 962 943 velunt

255 969 365 1024 Candida
380 987 526 1036 purpureum
539 970 660 1020 simulatae
670 969 748 1039 inlicit
759 973 871 1020 umbras.'

254 1048 321 1099 Dum
329 1062 400 1098 notat
409 1052 459 1098 bec
470 1050 570 1113 hospes,
582 1047 680 1098 decursa
688 1052 818 1100 nouissima
831 1065 898 1099 meta
909 1049 960 1101 eli:

254 1126 287 1176 Ee
297 1129 384 1191 tegitur
395 1125 453 1175 felii
462 1127 544 1176 viarii
554 1125 666 1176 Atalanta
676 1126 775 1176 euroni.

255 1203 321 1254 Dant
332 1206 449 1269 gemitum
459 1205 528 1262 viui,
540 1201 695 1269 penduntque
706 1220 734 1252 ex
745 1200 835 1252 fudere
843 1215 940 1268 poenas.

209 1295 258 1332 eoo
288 1279 345 1330 Non
356 1296 436 1330 tamen
447 1295 532 1330 eventu
544 1284 658 1346 juvenum
669 1277 795 1330 deterritus
806 1283 914 1341 horum,

138 1349 142 1360 ¹
224 1383 232 1390 “
256 1356 371 1409 Constitit
385 1360 411 1408 in
428 1355 528 1416 medr03
545 1357 662 1423 vultuque
672 1361 698 1407 in
708 1359 801 1423 virgine
812 1357 879 1417 lixo,

256 1434 323 1496 Quid
338 1435 434 1486 facilem
445 1436 544 1486 n'tulurn
554 1433 685 1500 liuperando
699 1439 784 1501 queris
795 1435 899 1485 inertes!

256 1514 355 1564 Mecum
365 1513 468 1574 confer,
487 1517 535 1564 ait:
547 1516 587 1562 seu
597 1530 636 1562 me
644 1509 741 1561 fortuna
752 1526 879 1580 potentem

258 1590 350 1641 fecerit
362 1626 369 1651 ‚
388 1608 401 1640 a
413 1606 481 1641 tauto
492 1607 541 1641 non
553 1589 706 1657 indignabere
714 1593 787 1640 vinci.

211 1667 370 1742 gquamque
381 1669 442 1717 mihi
452 1671 545 1732 genitor
556 1668 697 1735 Megareus,
710 1667 850 1716 Onchestius
862 1667 902 1715 illi
908 1686 917 1726 ς
956 1699 961 1708 -

260 1746 300 1794 Est
308 1745 434 1810 Neptunus
443 1761 499 1793 avus
511 1765 517 1792 ι
531 1761 649 1810 pronepos
660 1761 705 1809 ego
718 1747 778 1810 regis
788 1761 914 1810 aquarum.

260 1823 311 1871 Nec
321 1825 394 1872 virtus
410 1825 469 1872 citra
480 1838 552 1885 genus
563 1822 610 1870 eli:
623 1823 662 1870 seu
673 1825 755 1870 vincar
766 1856 774 1881 ,
787 1823 883 1870 habebis
893 1857 902 1881 ,

261 1898 410 1962 Hippomene
421 1901 497 1957 viiio,
511 1915 625 1963 magnum
637 1902 663 1948 uc
673 1899 828 1948 memorabile
840 1915 948 1949 nomen.

262 1975 331 2024 Talia
345 1973 464 2024 dicentem
476 1975 545 2024 molli
559 1978 683 2025 Schmne'ia
694 1977 762 2026 vultu

215 2053 368 2118 srolspicit:
381 2057 405 2103 δι
417 2052 526 2111 dubitat,
539 2055 642 2119 superari
652 2069 682 2102 an
694 2057 789 2104 vincere
799 2053 881 2103 maliti

262 2132 341 2197 Atque
353 2134 386 2180 ita
397 2132 476 2191 ,Quas
483 2132 618 2181 Deushunt
626 2131 752 2197 formosis,
766 2134 864 2199 inquit,
879 2136 984 2201 iniquus

262 2208 362 2257 Perdere
378 2210 449 2259 vult?
463 2224 567 2275 caraeque
582 2209 649 2274 jubet
662 2207 797 2257 discrimine
808 2212 864 2258 vltae

263 2284 413 2352 Coniugium
429 2302 506 2350 petere
518 2289 582 2335 hoc?
600 2285 657 2335 Non
669 2288 722 2335 sum
731 2320 739 2346 ‚
748 2303 788 2336 me
795 2284 875 2352 judice
888 2322 896 2346 ,
908 2291 985 2346 tanti.

263 2362 315 2411 Nec
333 2362 412 2413 forma
420 2379 504 2427 tangor
514 2382 520 2411 :
528 2379 639 2429 poteram
648 2375 728 2412 tame'n
740 2365 784 2413 hac
794 2381 890 2430 quoque
902 2370 984 2431 tangi.

216 2436 295 2503 Quid?
307 2437 373 2504 quod
381 2438 457 2487 adhuc
467 2456 523 2504 puer
535 2440 567 2487 eli
577 2460 582 2487 :
594 2456 689 2491 nonme
699 2456 782 2489 movet
790 2443 848 2506 ipse,
856 2441 898 2491 sed
912 2460 983 2494 aetas.

218 2515 331 2576 61⁶Quid
343 2514 429 2581 iquod
438 2515 496 2567 inest
508 2519 582 2565 virtus
594 2552 603 2575 ‚
615 2519 639 2566 bt
653 2533 717 2566 mens
728 2522 835 2567 interrita
844 2518 897 2569 leti.

265 2592 330 2655 Quid
342 2597 351 2643 i
363 2591 429 2659 quod
439 2594 468 2642 ab
479 2593 589 2661 aeqnorei
604 2609 740 2647 numeratur
750 2598 842 2659 origine
852 2612 966 2663 quartus.

200 2706 202 2715 .
265 2670 331 2731 Quid
342 2675 352 2720 i
362 2670 517 2737 quod‘amat,
535 2675 641 2736 tantique
651 2687 719 2737 putat
729 2674 849 2723 connubia
859 2673 957 2735 nostra,

268 2750 301 2801 Ur
321 2764 417 2815 pereat,
431 2752 452 2797 s'r
461 2766 498 2797 rne
512 2750 568 2797 fors
580 2749 621 2797 illi
632 2746 690 2797 dura
700 2748 803 2813 negl'ri'r.

218 2828 332 2887 stoDum
339 2827 404 2885 licet,
412 2828 506 2891 hospes,
514 2828 564 2885 abi3
571 2825 735 2895 thalamosque
746 2827 853 2894 relinque
860 2844 987 2881 cruentus.⁴

266 2906 415 2971 Coniugium
430 2902 525 2953 crud'el'e
533 2920 614 2952 meum
625 2904 670 2955 est:
680 2906 725 2953 tibi
734 2905 821 2953 nullere
832 2905 901 2954 nulla

266 2983 343 3033 Nolet
355 2986 364 3031 ι’
372 2987 397 3032 tt
413 2984 494 3045 optari'
500 2996 568 3046 potes
579 2997 593 3029 a
604 2982 707 3046 sapiente
715 2980 804 3045 puelli.

268 3060 320 3110 Cur
331 3075 410 3111 tamen
421 3058 453 3107 eli
463 3060 588 3109 mihitura
599 3062 652 3117 tui,
668 3062 764 3123 totjam
775 3072 829 3107 ante
840 3062 972 3122 peremtisl.

268 3135 379 3186 Viderit:
391 3140 505 3186 iniereat:
515 3139 631 3203 quoniam
644 3150 684 3185 tot
693 3132 756 3184 cede
772 3152 904 3200 procorum

221 3211 471 3283 tapbdmouiturnon
479 3214 526 3273 ests
538 3216 661 3281 agiturque
670 3216 697 3263 in
708 3210 778 3264 tedia
788 3215 856 3267 vim
