2334 4150
262 571 689 640 Muranonrnosrou
704 563 743 637 l.
759 569 822 637 IX.
849 585 917 654 207

233 687 292 740 Hac
308 691 350 742 ubi
364 691 468 742 faticano
484 694 578 741 venturi
592 693 687 756 prescia
702 689 765 740 dixit
797 692 801 697 '

202 762 252 812 Ore
273 765 390 824 Themis,
406 770 472 816 vario
487 769 568 832 Superi
578 770 687 816 sermone
698 766 834 816 fremebant
845 782 852 814 r

198 839 232 888 Et
243 875 252 900 ,
274 857 316 892 cur
327 859 378 892 non
388 843 440 892 aliis
451 841 535 893 eadem
545 843 601 894 dare
613 843 677 894 dona
688 843 787 904 liceret,

199 917 313 970 Murmur
331 936 389 971 erat.
408 921 521 982 Querirur
534 917 763 972 veteres'Pallantias
778 937 853 971 annos
918 924 967 973 4²⁰

200 997 321 1064 Coniugis
338 997 384 1050 eise
401 1003 456 1050 sui:
472 1003 710 1068 queriturcenescere
721 1003 787 1050 mitis

198 1074 292 1125 Iasiona
305 1076 395 1127 Ceres:
409 1082 537 1142 repetitum
551 1077 671 1128 Mulciber
681 1094 760 1128 avum

198 1151 280 1206 Poscit
291 1153 457 1204 Erichthonio.
470 1155 588 1204 Venerem
599 1171 695 1220 quoque
706 1171 762 1204 cura
773 1154 848 1205 futuri

199 1228 311 1295 Tangit,
330 1235 354 1280 δι
371 1233 479 1282 Anchisae
489 1249 603 1284 renovare
616 1235 741 1298 paciscitur
756 1250 841 1283 annos·

199 1307 249 1358 Cui
273 1309 384 1370 studeat,
404 1309 469 1360 Deus
483 1315 561 1361 omnis
574 1313 646 1362 habet
657 1327 663 1360 e
675 1314 806 1378 crescitque
817 1311 899 1362 favore
916 1308 961 1356 4²5

198 1383 308 1436 Turbida
325 1385 426 1444 sediti03
439 1385 515 1437 donec
531 1389 572 1436 sua
586 1387 693 1451 iuppiter
709 1403 752 1436 ora

199 1462 278 1513 Solvit
291 1483 298 1513 t
309 1468 353 1524 dc,
374 1467 409 1516 ΟΞ
429 1467 503 1515 nostri
513 1469 532 1515 si
542 1468 632 1533 quaest
642 1455 774 1516 reverentia
781 1499 791 1519 ‚
809 1462 888 1523 dixit,

200 1541 257 1601 Qud
274 1545 357 1593 ruitisi
373 1558 497 1592 tantumne
511 1547 555 1594 sibi
565 1549 618 1609 quis
629 1541 695 1610 poise
704 1541 816 1601 videtur,

198 1617 257 1668 Fara
275 1636 370 1686 quoque
381 1635 407 1670 ut
418 1622 510 1686 superet
519 1624 529 1670 i
539 1622 603 1671 Fatis
614 1622 694 1671 lolius
703 1623 729 1670 in
741 1633 833 1674 annos,

197 1695 266 1756 Quos
280 1702 343 1763 egit,
357 1697 505 1749 rediittfatis
515 1701 655 1750 revirescere
670 1698 758 1749 debent
912 1689 962 1737 ⁴3⁰

198 1773 324 1826 Callirhoe'
336 1779 430 1842 geniti,
448 1791 499 1826 nou
515 1778 661 1836 ambitione,
679 1775 815 1826 necandis.

197 1850 251 1902 Vos,
267 1855 357 1908 etiam,
374 1851 470 1919 quisque
481 1855 527 1902 hoc
545 1857 628 1903 animo
644 1854 743 1903 meliore
755 1852 853 1911 feratis,

196 1927 240 1980 Me
251 1947 363 1996 quoque,
381 1931 431 1982 fata
441 1945 526 1996 regunt
540 1949 546 1980 s
563 1925 617 1998 quae
633 1935 653 1980 si
663 1946 756 1980 murare
766 1929 887 1991 valerem,

195 2005 249 2056 Nec
266 2008 373 2057 nostrum
384 2010 429 2057 seri
444 2023 569 2057 curvarent
585 2007 678 2057 AEacon
696 2011 769 2066 annis

193 2082 385 2152 Perpetuumque
405 2088 450 2135 tevi
465 2084 551 2134 florem
567 2083 762 2153 Rhadamanthus
772 2086 870 2135 haberet
910 2097 956 2146 435

195 2162 262 2214 Cum
281 2162 364 2213 Mino'e'
375 2180 430 2213 meo
441 2181 448 2212 e
461 2167 502 2229 qui
513 2176 610 2228 propter
622 2178 701 2212 amara
711 2164 811 2211 senedae'

195 2240 306 2291 Pondera
320 2240 464 2307 despicitur,
478 2258 539 2301 nec,
554 2239 605 2307 qud
615 2240 678 2305 priris
689 2275 698 2297 ,
710 2238 794 2290 ordine
801 2254 893 2305 regnat.

227 2318 298 2368 Diae
313 2320 378 2369 iovis
394 2318 490 2369 movdre
505 2318 571 2369 Deos
582 2338 589 2367 s
601 2336 644 2369 nec
652 2319 749 2369 sustinet
758 2317 840 2379 ullus,

193 2395 260 2452 Cunt
277 2396 375 2448 videant
389 2396 460 2447 feffos
471 2395 673 2449 Rhadamanthon
684 2402 708 2447 δι
719 2397 810 2447 AEacon
821 2399 887 2449 anuis
899 2432 907 2457 ,

193 2474 226 2525 Et
236 2476 322 2525 Minoa
333 2512 341 2535 ,
354 2482 430 2543 queri.
445 2478 512 2538 Qui,
524 2476 583 2527 duna
599 2478 646 2528 fuit
658 2482 750 2543 integer
762 2477 825 2537 aeri,
908 2484 956 2527 ⁴40

194 2552 323 2603 Terruerat
342 2572 455 2620 magnas,
469 2557 521 2620 ipso
532 2573 628 2623 quoque
644 2560 760 2615 nomine,
774 2559 872 2621 gentes:

194 2630 264 2679 Tunc
279 2648 330 2681 erat
347 2632 465 2683 invalidus
477 2632 679 2699 :Deionidenque
693 2638 816 2697 juvente*

191 2706 289 2758 Robore
301 2711 433 2767 Miletum,
453 2712 593 2777 Phoeboque
608 2726 703 2776 parente
718 2712 858 2775 superbum.

191 2786 319 2839 Pertimuit
330 2808 336 2837 r
350 2788 494 2856 credensque
505 2791 551 2839 suis
562 2792 681 2854 insurgere
693 2791 784 2853 regnis,

191 2862 264 2915 Haud
278 2880 358 2916 tamen
368 2868 401 2917 est
413 2870 493 2932 patriis
504 2884 582 2917 arcere
595 2869 719 2933 penatibus
732 2867 810 2915 ausus.
906 2864 951 2911 445

191 2943 281 3007 Sponte
297 2945 381 3010 fugis,
398 2945 499 3004 Milete,
517 2945 558 2995 rud
572 2945 708 3011 scelerique
725 2941 806 2993 carini

191 3019 283 3084 AEgaeas
299 3026 389 3072 metiris
400 3040 486 3091 aqum
502 3027 526 3073 δι
537 3026 562 3073 in
573 3022 644 3074 Aside
655 3023 717 3073 terri
882 3089 884 3092 Ι

190 3094 286 3147 Moenia
302 3101 443 3161 constituis,
463 3104 573 3167 positoris
583 3104 695 3152 habentia
704 3116 803 3151 nornen.

190 3171 239 3223 Hic
262 3177 323 3235 ribi,
341 3176 399 3228 dum
412 3181 516 3246 sequitur
529 3184 610 3247 patria
622 3181 760 3230 curvamina
769 3182 844 3244 ripae,

190 3249 251 3305 iiiia
265 3254 401 3315 Meaudri,
421 3261 492 3309 toties
508 3257 628 3317 redeuntia
642 3256 747 3320 eisdem,
795 3248 801 3258 ⁵
872 3288 875 3291 ·
903 3271 953 3319 45⁰
