2334 4150
165 577 168 582 ’
222 567 649 640 Mnuuoueuosnon
673 569 713 637 L.
736 571 800 638 XI.
829 593 927 658 249.

184 687 275 756 Adjicit
291 694 347 742 huic
363 694 444 742 animo
458 707 583 742 momenta
592 692 718 757 potentia,
734 690 827 742 clatum
902 689 947 754 τίς

185 767 299 825 Nomen,
308 773 496 835 asumq310vem
506 787 513 818 r
525 786 569 820 nec
578 784 686 834 tempora
694 766 766 834 perde
772 766 900 833 precando.

186 845 258 906 Quod
277 852 346 912 petis,
356 865 428 899 omne
434 850 493 898 feres
503 867 509 896 t
518 851 661 914 tuaquehzt
672 865 715 912 pru
726 862 793 912 parte
800 843 901 905 videto,

185 924 374 990 Qualiscumque
390 924 466 974 vides.
478 924 579 974 Utinam
591 924 691 974 meiiora
700 922 810 973 rideres!

184 1001 215 1053 Et
231 999 311 1050 flebat.
331 1003 431 1050 Movent
441 1018 492 1066 quae
507 1017 585 1051 tantm
596 1003 665 1050 eausa
674 999 787 1059 dolores,

184 1073 314 1145 Peleusque
324 1083 472 1143 comitesque
487 1094 572 1142 rogant
584 1096 592 1125 t
602 1078 688 1142 quibus
698 1077 740 1126 iile
749 1075 867 1142 profatur.
903 1089 952 1135 290

217 1153 325 1202 Forsitan
336 1155 397 1202 hanc
407 1154 530 1202 volucrem
540 1187 549 1211 ‚
558 1168 628 1216 raptu
638 1168 690 1216 quae
697 1155 772 1211 vivit,
780 1154 806 1200 δι
816 1165 902 1198 omnes

184 1229 270 1278 Terret
288 1245 357 1288 aves,
374 1231 465 1293 semper
474 1245 561 1294 pennas
572 1225 679 1278 habuiffe
688 1231 786 1292 puteris.

91 1331 93 1340 ι
183 1302 229 1352 Vir
246 1303 293 1352 fuit
304 1321 310 1352 t
323 1307 348 1352 δι
362 1317 428 1354 tanta
441 1303 473 1352 est
483 1305 556 1352 animi
567 1303 716 1362 constantie,
727 1315 845 1367 quantum

182 1380 244 1430 Acer
258 1395 324 1438 erat,
341 1379 453 1444 belloque
464 1379 531 1428 ferox
542 1413 550 1439 ,
563 1378 594 1434 ad
603 1383 699 1445 vimque
710 1394 823 1444 paratust

183 1453 292 1504 Nomine
303 1451 447 1512 Daedalion,
459 1453 503 1502 iilo
513 1456 621 1517 genitore
632 1468 723 1501 creatus
903 1484 947 1532 295

184 1527 232 1588 Qui
243 1543 317 1578 vocat
330 1529 446 1576 Auroram
458 1559 467 1586 ,
479 1527 590 1591 coeioque
601 1529 742 1588 novissimus
752 1529 809 1575 exit.

183 1605 260 1656 Culta
275 1607 336 1652 mihi
346 1621 391 1668 pax
402 1603 435 1652 est
446 1605 526 1666 3pacis
539 1605 599 1652 mihi
611 1619 668 1654 cura
677 1600 803 1658 tenende,

184 1684 363 1747 Conjugiique‚
382 1680 428 1728 fuir
439 1699 446 1728 a
459 1679 526 1728 fratri
536 1679 586 1730 fera
597 1679 659 1729 bella
669 1681 795 1744 placebant
805 1696 813 1727 t

184 1760 252 1810 Illius
272 1765 347 1810 virtus
359 1777 441 1824 reges,
453 1775 580 1825 gentesque
593 1761 694 1824 subegit.

185 1837 244 1897 Quae
259 1853 322 1886 nunc
340 1837 453 1886 Thisbirs
464 1839 537 1900 agitat
548 1850 642 1886 mutata
656 1836 802 1894 columbas,
893 1868 896 1873 >

184 1915 249 1965 Nata
262 1931 312 1964 erat
322 1917 377 1969 huic
391 1914 487 1964 Chione
500 1933 506 1962 ε
516 1932 569 1981 qur.
579 1913 730 1965 dotatissima
740 1913 822 1963 sormi

183 1995 255 2046 Mille
272 1998 350 2060 prucis
360 1994 465 2058 placuit,
478 1995 513 2041 bis
523 1995 614 2059 septem
624 1992 712 2042 nubilis
722 1995 799 2042 annis.

184 2071 255 2125 forti
272 2086 413 2123 revertentes
424 2106 432 2133 ,
443 2071 545 2121 Phubut
558 2070 671 2137 Maiique
682 2085 791 2132 creatus,

184 2153 229 2202 ille
247 2154 293 2201 suis
307 2152 421 2217 Delphis,
434 2153 473 2199 hic
486 2152 574 2199 vertice
585 2148 730 2209 Cyllenaeo,

184 2229 273 2280 videre
285 2233 345 2281 hanc
363 2232 470 2294 paritet,
485 2231 571 2291 pariter
587 2242 675 2277 traxere
685 2228 799 2277 calorem.
902 2246 945 2294 305

184 2309 255 2373 Spem
269 2308 367 2357 Veneris
378 2304 460 2356 differt
470 2308 494 2353 in
505 2319 614 2369 tempota
624 2308 700 2356 uoiiis
712 2306 818 2371 Apollo;

184 2384 242 2435 Nou
254 2385 310 2435 tulit
324 2384 366 2433 ille
383 2400 460 2434 moras
473 2402 478 2431 t
491 2383 605 2447 virgique
616 2399 728 2433 movente
739 2386 849 2450 soporem

184 2463 291 2527 Virginis
308 2479 334 2511 os
351 2466 435 2526 tangit.
452 2462 525 2511 Tatiu
535 2465 598 2526 iacet
608 2461 651 2511 ilia
663 2466 789 2529 potenti,-

184 2539 290 2605 Vimque
302 2539 348 2589 Dei
363 2542 459 2603 paritur.
471 2539 527 2589 Nor
537 2538 627 2591 coeium
638 2541 750 2605 sparserat
758 2542 839 2591 astris:

184 2616 289 2667 Phoebus
309 2632 381 2665 anum
393 2616 506 2673 simulat,
522 2631 684 2683 praeceptaque
700 2617 787 2683 gaudia
798 2621 879 2669 sumit.
902 2640 948 2680 gro

183 2693 220 2745 Ut
229 2696 271 2743 sua
288 2707 394 2741 maturus
406 2693 536 2755 complevit
547 2708 656 2757 tempora
668 2712 768 2757 venter,

182 2768 292 2835 Alipedis
303 2767 333 2817 de
345 2769 412 2831 stirpe
424 2768 484 2829 Dei,
498 2772 590 2819 versuta
602 2788 724 2837 propago,

183 2847 298 2897 Nascitur
319 2844 464 2905 Autolycus,
484 2846 573 2897 furtum
584 2851 719 2914 ingeniosus
729 2851 760 2905 ad
770 2870 853 2915 umne‘,

184 2924 233 2985 Qui
254 2923 332 2973 faeere
342 2920 459 2982 affuerat,
473 2930 554 2990 patriae
569 2944 619 2977 nou
628 2927 730 2995 degener
743 2936 799 2981 artis
807 2967 834 2996 „
867 2970 874 2982 s

183 3000 297 3053 Candida
318 2999 348 3051 de
363 3005 454 3067 nigris,
473 3007 497 3052 &
509 3002 539 3053 de
550 3004 705 3057 candentibus
712 3022 771 3059 atra.
902 3039 945 3086 μς

184 3070 303 3129 Nascitur'
314 3096 327 3129 e
345 3080 438 3130 Phoebo
448 3114 456 3139 ,
468 3096 571 3140 natuque
579 3084 692 3139 esteuixa
703 3086 838 3149 gemellos,

184 3155 300 3207 Carmine
316 3158 394 3207 vocali
405 3158 482 3209 clarus
494 3160 632 3225 eiuratique
644 3162 806 3214 Philammon.

183 3228 252 3293 Quid
262 3232 375 3300 peperiffe
387 3233 446 3293 duos
457 3272 467 3298 ,
485 3240 510 3287 it
527 3235 573 3311 Dis
583 3235 817 3302 piaeuiffeduobusi

740 3317 760 3367 L
775 3334 793 3370 t
