2334 4150
193 510 621 578 MrrAuortrrroseou
634 508 673 576 L.
692 508 795 578 XIII.
816 515 881 598 307

170 631 222 688 At,
246 633 307 680 bene
317 633 336 679 si
346 629 412 680 nstris
423 665 432 689 ‚
449 633 530 695 pigeat
541 627 643 695 fugiffe3
659 633 787 697 motasque

171 709 224 772 Ipsa
235 724 286 762 tuas
297 709 411 768 damnes,
424 712 500 758 &me
510 712 611 758 retinere
623 708 725 758 laboret.
893 700 940 749 310

170 787 231 836 Sunt
245 790 306 837 mihi
319 820 327 846 ,
338 789 509 852 paramentis,
524 791 582 837 vivo
593 786 724 852 pendentia
732 789 796 838 saxo·

169 867 245 915 Antra
256 883 264 923 3
275 867 360 930 quibus
370 882 414 915 nec
425 866 467 915 Sol
478 863 561 917 medio
574 867 673 915 sentitur
684 868 710 914 in
719 865 794 925 astu,
861 859 863 862 ’

168 943 222 994 Nec
238 947 337 993 sentitur
347 946 424 994 hiems
435 963 442 992 c
452 945 509 994 sunt
518 960 593 1010 poma
600 946 723 1008 gravantia
733 958 817 994 tamne
823 960 832 1004 3

98 1085 101 1091 Ι
168 1023 231 1072 Sunt
247 1039 306 1072 auto
316 1023 406 1073 eimilet
421 1023 535 1088 longisin
545 1025 635 1073 vitibus
650 1038 717 1082 uvea

168 1103 230 1150 Sunt
244 1106 270 1151 it
287 1118 427 1169 purpureae:
440 1103 485 1150 tibi
499 1105 527 1151 et
537 1104 579 1150 hat
589 1103 708 1152 servamus
717 1103 743 1150 dc
754 1099 818 1151 illae.
892 1097 938 1163 irc

168 1180 223 1246 ipsa
232 1184 278 1230 tuit
292 1183 419 1241 manibus,
431 1179 531 1230 silvestri
540 1181 648 1230 natasub
659 1179 765 1241 umbri,

168 1259 257 1309 Mollia
268 1260 335 1325 fraga
345 1259 408 1325 leget
418 1278 424 1307 e
435 1260 486 1324 ipsa
497 1258 646 1308 autumnalia
656 1274 748 1326 cerna,
771 1292 773 1296 -

167 1337 294 1404 Prunaque
306 1373 314 1399 ,
331 1353 381 1388 nou
394 1336 473 1387 soltlrn
485 1338 665 1403 nigreliventia
675 1337 762 1395 succo,

167 1416 260 1464 Verum
277 1419 350 1465 etiam
362 1417 491 1480 generosa,
501 1430 624 1479 novasque
634 1416 756 1464 imitantia
765 1429 839 1464 cerat.

166 1493 221 1543 Nec
239 1493 283 1540 tibi
300 1492 426 1545 talianeae,
443 1507 483 1540 me
494 1496 611 1556 conjuge,
625 1506 670 1539 nec
684 1491 729 1540 tibi
739 1488 839 1540 deerunt
889 1500 938 1549 820

165 1572 269 1621 Arbutei
281 1569 352 1619 fetus.
362 1569 449 1617 Omnis
459 1569 504 1617 tibi
515 1569 602 1620 serviet
612 1569 691 1618 arbee.

166 1643 887 1713 lincpecusomnemcumestzmultaequoqavallibutertanta
929 1679 934 1689 -

166 1726 260 1775 Multas
271 1726 332 1776 tilva
342 1724 505 1791 tegitemulta
515 1724 662 1775 stabulantur
672 1726 699 1775 iu
707 1727 791 1774 antris.

166 1803 220 1854 Nec
231 1807 268 1869 ,ti
279 1802 343 1854 forte
351 1819 438 1870 reges,
449 1806 539 1870 purtim
549 1805 595 1854 tibi
605 1801 701 1864 dicere,
711 1817 773 1870 quot
782 1805 839 1856 tint.

166 1880 279 1946 Pauperis
289 1881 321 1932 est
332 1898 458 1932 numerare
467 1898 549 1948 pecua.
562 1881 601 1931 De
613 1879 724 1932 laudibus
737 1883 823 1933 harum
889 1876 934 1940 825

166 1959 210 2009 Nil
222 1964 281 2012 milri
292 1960 421 2012 crediderit
433 1962 551 2026 :present
560 1975 630 2026 potes
640 1962 691 2026 ipsa
698 1959 781 2012 videte
790 1996 800 2023 ,

165 2036 201 2089 Ut
213 2041 252 2090 vix
269 2039 397 2095 sustineant
406 2039 536 2091 distentum
546 2040 654 2092 eruribus
664 2039 730 2091 uber.

132 2109 135 2116 ’
164 2120 244 2174 Sunt,
264 2118 342 2168 fetura
352 2122 449 2179 minor,
462 2116 549 2182 tepidis
560 2121 585 2168 in
600 2116 706 2169 ovilibut
715 2120 786 2183 aguit

164 2199 226 2247 Sunt
240 2212 356 2263 quoque,
371 2212 415 2261 par
425 2210 481 2245 aetae
493 2231 502 2257 ,
513 2196 566 2247 aliis
576 2200 603 2246 in
614 2196 718 2249 ovilibus
725 2196 799 2247 hedi.

163 2274 215 2328 Lac
226 2277 288 2325 mihi
298 2276 389 2341 semper
400 2272 465 2325 adest
471 2279 585 2325 niveum:
597 2285 650 2340 pars
660 2272 717 2325 inde
727 2272 843 2327 bibenda'
886 2281 935 2346 ⁸30

164 2356 276 2404 Servatur
287 2373 293 2406 t
305 2368 398 2420 partem
410 2351 538 2418 liquefacta
548 2352 649 2419 coagula
659 2350 755 2405 durant.

165 2428 220 2483 Nec
230 2435 274 2483 tibi
289 2432 382 2483 delicia:
395 2432 478 2482 faciles
482 2466 492 2493 ,
502 2431 648 2500 vulgataque
660 2432 754 2483 tantum

164 2527 265 2561 munera
274 2514 431 2577 contingent,
449 2508 526 2560 darnae
537 2542 546 2570 ,
557 2510 697 2578 leporesque
707 2546 718 2577 ,
727 2528 867 2581 captaque,
887 2556 891 2564 ,
951 2530 957 2545 ·

164 2590 240 2640 Parve
250 2589 434 2649 columbatum,
445 2586 569 2639 demtutve
583 2592 707 2639 cacumine
718 2588 788 2641 nidus
798 2610 807 2652 ς

165 2668 250 2719 Inveni
262 2671 388 2733 geminos,
400 2671 443 2733 qui
453 2681 533 2716 tecum
543 2666 625 2719 ludere
635 2672 728 2735 possint
739 2700 756 2729 ,Δ
884 2672 929 2737 ⁸⁵5

163 2744 232 2795 inter
244 2747 267 2793 se
283 2744 390 2803 similes,
406 2747 447 2795 vix
462 2760 490 2793 ut
507 2743 643 2811 dignoscere
661 2750 753 2813 possit,

104 2869 108 2882 ,
163 2824 267 2873 Villosae
283 2822 376 2872 catulos
385 2826 412 2872 iu
421 2824 520 2873 summis
531 2826 653 2875 montibus
663 2828 730 2877 ursae.

164 2902 250 2951 inveni
260 2919 266 2949 z
278 2904 303 2951 δι
316 2898 382 2958 dixi.
397 2900 510 2951 Dominae
524 2904 667 2954 servabimut
685 2905 751 2954 illos.

163 2981 218 3030 lant
236 2977 314 3034 mndd
332 2978 434 3031 caeruleo
446 2978 551 3031 nitidum
561 2996 633 3047 caput
643 2984 721 3033 exsere
734 2996 826 3049 pont0;

163 3059 218 3109 lant
230 3094 239 3118 ‚
258 3057 357 3108 Galatia
368 3093 377 3120 ,
389 3062 458 3117 veni3
472 3074 517 3109 nec
527 3075 626 3110 munera
636 3059 730 3127 despice
741 3062 829 3111 nostra.
882 3059 930 3121 840

164 3136 238 3188 Certi
257 3153 302 3202 ego
313 3153 352 3187 me
361 3141 440 3197 novi,
457 3134 600 3204 liquidaque
616 3141 641 3186 in
652 3141 756 3203 imagine
765 3137 816 3187 vidi

164 3212 248 3283 Nuper
257 3231 342 3294 aquea
359 3216 496 3287 placuitque
506 3218 568 3269 mini
577 3233 633 3268 mea
643 3216 723 3268 fotura
731 3213 834 3270 videtu.
