2334 4150
84 460 85 541 l
263 482 306 545 28
338 477 378 547 P.
412 475 607 543 oyrnrr
639 476 876 542 Nasonis

260 597 302 647 Sol
314 595 390 646 oculis
403 599 526 661 iuvenem,
537 596 623 660 quibus
634 596 716 659 aspicit
725 598 807 658 omnia
819 594 908 652 ‚vidit.

259 675 366 741 Quaeque
378 678 423 726 vie
438 674 482 723 tibi
492 674 574 723 causa?
590 670 721 737 quidhoc,
737 673 788 732 ait',
803 688 856 721 aree
867 669 966 741 peristi,
1031 690 1037 700 ·

238 744 242 751 ’
258 755 400 819 Progenies,
416 753 537 805 Pha'e'ton,
552 749 618 799 hand
630 747 759 799 inficianda
768 754 875 815 parentii
950 787 958 799 .

210 853 237 899 35
258 831 305 879 lile
318 826 407 890 refert,
419 830 441 877 O
454 830 460 877 l
472 828 514 877 lux
523 831 635 877 immensi
645 828 740 893 publica
749 826 857 898 mundi,
880 867 882 870 .
948 884 953 889 .

257 909 346 959 Phoebe
361 922 427 971 pater
438 942 446 966 ,
457 910 478 955 si
488 904 529 955 das
539 908 610 971 hujus
616 908 792 967 mihinomiois
802 908 890 967 usum,

255 985 307 1035 Nec
326 984 386 1035 falsi
400 984 520 1046 Clymene
534 984 631 1050 culpam
648 986 690 1033 sub
700 986 804 1048 imagine
815 984 898 1052 celat3

254 1064 358 1127 Pignora
376 1061 408 1112 da
420 1097 428 1122 ‚
441 1066 551 1127 genitor,
564 1078 606 1127 per
616 1078 669 1127 quae
680 1077 720 1110 tna
732 1078 788 1112 vera
799 1068 906 1126 propago

211 1152 217 1187 ι
254 1138 360 1200 Credat,
379 1144 404 1191 bc
419 1142 584 1191 rhunc'a'nirnis
594 1138 806 1190 errorem-detrahe
816 1139 910 1187 nostris.

203 1241 234 1283 40
252 1218 359 1275 Dixerat.
377 1219 408 1271 Ar
422 1221 515 1283 genitor
530 1222 621 1267 circum
631 1233 702 1282 caput
712 1213 789 1277 omue'
799 1218 914 1283 micantes

241 1292 369 1361 'Deposuit
379 1294 479 1356 radios,
495 1299 640 1362 propiusque
650 1293 838 1359 accedere-jussit
850 1313 857 1343 ε
948 1324 956 1365 ,-

250 1374 415 1441 Amplexuque
426 1373 483 1425 dato
493 1392 512 1435 ι,
522 1374 574 1423 Nec
589 1389 615 1423 tu
629 1383 695 1423 meu's
712 1370 758 1422 elle
773 1368 854 1437 negari

248 1452 343 1517 Dignus
362 1470 400 1513 εις
420 1456 445 1509 δι
459 1451 578 1515 Clymene
588 1468 657 1502 veros
667 1455 734 1512 ,ait,
751 1448 828 1499 edidit
837 1465 912 1499 ortus.

174 1517 178 1529 ¹
249 1530 353 1596 Quique
360 1534 438 1580 minus
448 1528 556 1589 dubites,
568 1528 673 1595 quodvis
679 1544 731 1593 pete
741 1545 827 1595 munus
837 1563 845 1588 ,
855 1543 881 1578 ur
892 1528 966 1599 illud,

199 1627 227 1673 45
248 1607 290 1662 Me
306 1610 439 1668 tribuente,
457 1607 741 1672 feras:pron1issiseestis
755 1604 835 1656 adesto

248 1684 293 1733 Dis
310 1684 410 1751 juranda
427 1685 513 1749 palus,
526 1684 603 1732 oculis
614 1687 738 1748 incognita
747 1683 842 1733 nostris.

247 1762 294 1810 Vix
305 1763 364 1811 bene
376 1759 491 1811 desierat:
505 1776 585 1809 currus
596 1774 666 1825 rogat
679 1760 721 1811 ille
730 1775 841 1825 paternos
848 1796 857 1821 ,

246 1840 320 1905 Inque
332 1838 396 1889 diem
405 1837 527 1903 alipedum
537 1840 573 1903 jus
585 1842 610 1887 δι
620 1836 777 1888 moderamen
789 1855 916 1904 equorum.

246 1917 363 1966 Paenituit
373 1914 458 1981 jurasse
474 1932 565 1981 patrem
577 1934 584 1965 e
596 1919 638 1981 qui
651 1930 733 1982 terque
743 1931 874 1983 quaterque

198 2017 228 2064 50
246 1992 394 2043 Concutiens
410 1992 500 2041 illustre
514 2008 603 2064 caput:
615 1994 769 2053 Temeraria,
788 1992 863 2054 dixit,

245 2071 299 2122 Vox
311 2088 364 2120 mea
376 2070 436 2120 fasta
444 2070 485 2120 tual
496 2071 537 2120 est.
548 2070 648 2121 Utinam
658 2074 768 2136 proxima
782 2072 865 2131 liceret

244 2149 302 2198 Non
314 2147 383 2198 dare!
398 2148 531 2209 confiteor,
543 2150 622 2213 solum
632 2153 679 2199 hoc
688 2151 748 2210 tibi,
759 2166 828 2210 nate,
838 2168 962 2216 negarem.

244 2224 384 2277 Diiluadere
398 2226 463 2275 licet.
474 2226 532 2275 Non
543 2227 576 2276 est
587 2242 627 2276 tua
638 2242 689 2276 tuta
698 2227 817 2278 voluntas.

181 2340 183 2348 .
244 2305 333 2369 Magna
348 2306 430 2368 petis,
444 2305 684 2368 Pha'e'thon3&qu:e
700 2321 743 2352 nec
754 2306 841 2352 viribus
852 2304 900 2352 illis

197 2406 222 2450 55
242 2381 344 2430 Munera
362 2383 519 2439 conveniant,
537 2397 580 2429 nec
592 2395 642 2429 tam
653 2380 781 2444 puerilibus
792 2385 867 2430 annis.

241 2462 296 2510 Sors
315 2474 356 2508 tua
371 2457 479 2506 mortalis
492 2475 498 2504 ι
510 2473 560 2505 non
573 2458 606 2506 est
617 2457 719 2506 mortale
734 2457 800 2522 quod
814 2475 891 2524 optas.

241 2538 296 2586 Plus
314 2540 387 2586 etiam
397 2571 404 2594 ‚
423 2533 497 2600 quim
509 2533 575 2598 quod
590 2537 684 2599 Superis
693 2539 832 2601 contingere
842 2537 877 2586 fas
887 2539 919 2588 sit
928 2573 940 2602 ,

240 2615 339 2664 Nescius
357 2611 459 2662 affeeaas.
477 2612 572 2661 Placeat
583 2615 628 2662 sibi
640 2617 760 2678 quisque,
777 2615 876 2675 licebit,

240 2693 298 2743 Non
311 2708 392 2742 tamen
403 2689 506 2756 ignifero
517 2693 643 2756 quisquam
658 2693 783 2742 consistere
792 2697 818 2742 in
831 2711 890 2757 axe,

193 2781 223 2819 60
241 2774 299 2833 Me,
318 2771 401 2825 valet,
420 2763 519 2833 excepto
531 2787 537 2816 e
550 2769 608 2818 valli
625 2787 720 2835 quoque
730 2773 806 2824 πᾶσι
816 2773 930 2839 Olympi,

241 2851 290 2910 Qui
310 2849 360 2898 feta
378 2845 478 2898 terribili
488 2843 606 2909 iaculatur
618 2847 720 2897 fulmina
733 2845 830 2908 dextri,

241 2927 298 2975 Non
309 2939 364 2988 agat
378 2925 421 2972 hos
440 2926 572 2974 curense&
586 2922 645 2989 quid
656 2924 715 2972 love
730 2930 807 2990 majus
822 2929 956 2981 habemus?

240 3000 320 3052 Ardua
335 3003 413 3067 prima
421 3003 461 3049 via
471 2999 504 3048 est
515 3018 521 3047 ε
534 3004 558 3049 δι
569 3001 617 3066 quai
626 3004 667 3052 vix
679 3019 749 3053 mane
762 3008 866 3057 recentes

240 3083 366 3133 Enitantur
383 3083 438 3146 equi
449 3098 456 3128 ι
469 3076 550 3128 medio
564 3079 597 3128 est
605 3079 719 3129 altissima
731 3082 794 3134 cerlo
806 3098 815 3142 3

193 3179 221 3229 ⁶5
239 3159 310 3210 Unde
325 3175 391 3210 tuate
401 3161 426 3208 bc
439 3172 510 3208 terras
520 3159 565 3223 ipsi
576 3159 637 3208 mihi
646 3160 706 3225 sepe
720 3157 802 3213 videre
