2334 4150
267 539 310 621 78
403 532 448 603 P.
481 534 638 602 Ovum
677 534 874 602 Nasours

266 656 361 707 Postera
372 660 500 707 nullumne
512 657 603 706 Aurora
613 671 749 709 removerat
757 660 825 721 ignes
835 690 846 718 ,

267 734 357 801 Solque
368 736 488 800 pruinosae
499 732 571 785 radiis
580 737 710 785 siccaverat
719 737 824 795 herbat3

267 811 306 863 llcl
317 811 415 863 solitum
426 818 505 863 coiere
517 812 611 863 locum.
622 814 687 863 Tum
698 830 822 867 murmure
830 824 906 881 parvo

268 890 348 940 Multa
358 892 422 955 prius
433 890 524 957 quelli,
541 892 664 951 statuunt,
680 907 707 941 ut
722 896 791 943 nolle
801 893 884 943 silenti

223 957 251 1019 85
271 968 362 1019 Fallere
373 966 481 1019 custodes
492 1006 500 1032 ,
517 968 656 1035 foribusque
666 968 778 1021 excedere
789 985 900 1029 tenteut;

267 1044 723 1116 Ctimqutdomoexieriut,urbitquoq;
732 1049 990 1116 claustrareliuquante

264 1124 336 1175 'Neve
350 1129 380 1175 tit
390 1124 518 1176 errandum
530 1127 580 1177 lato
594 1129 748 1193 spatiantibus
761 1143 839 1188 arvo,

268 1202 423 1253 Conveniaut
436 1203 467 1254 ad
480 1205 547 1255 busta
557 1204 617 1255 Nini
628 1222 636 1254 a
647 1204 784 1271 lateantque
794 1206 837 1255 sub
848 1205 935 1255 umbra

267 1281 375 1331 Arboris.
387 1284 465 1333 Arbor
475 1285 529 1340 ibi,
546 1286 623 1334 niveis
637 1285 756 1333 uberrima
766 1286 846 1349 potuis
853 1318 863 1344 ,

214 1366 249 1410 '90
266 1358 347 1410 Ardua
358 1377 455 1421 morus,
474 1376 542 1422 etat,
556 1359 639 1428 gelido
652 1366 802 1412 contermina
813 1362 888 1412 foutl.

267 1440 336 1489 Palla
345 1440 442 1505 placent
453 1460 460 1491 t
472 1444 497 1491 δι
508 1441 566 1501 lux,
578 1438 644 1489 tardd
657 1438 774 1491 decedere
785 1442 853 1499 uisa,

267 1520 431 1584 Praecipitatur
442 1523 527 1587 aquis,
540 1524 566 1570 δι
576 1523 644 1587 aquia
652 1536 701 1571 nox
714 1521 790 1585 surgit
803 1520 832 1569 ab
845 1515 935 1570 isdem.

269 1594 368 1648 Callida
377 1614 418 1663 per
429 1600 535 1648 tenebrat
547 1633 556 1659 ,
570 1600 664 1649 versato
674 1596 788 1658 cardine,
802 1598 892 1647 Thisbe

269 1674 415 1741 Egreditur,
427 1675 537 1743 fallitque
549 1680 604 1727 suos
617 1696 624 1726 a
633 1674 796 1742 adopertaque
805 1675 900 1726 vultum
910 1710 920 1733 ‚

223 1753 251 1795 95
271 1754 381 1805 Pervenit
390 1752 421 1803 ad
430 1754 553 1806 tumulum
562 1772 571 1814 3
585 1753 695 1821 dialique
706 1755 749 1803 sub
759 1755 843 1803 arbore
853 1752 924 1805 sedit.
1091 1815 1092 1830 χ

269 1829 391 1881 Audacem
405 1832 508 1881 faciebat
522 1848 600 1882 amor.
614 1833 688 1882 Venit
700 1850 755 1882 ecce
765 1835 857 1882 receuti
1089 1833 1093 2089 p

269 1907 345 1959 Caede
356 1910 430 1961 leaena
441 1912 664 1977 boum-spumantes
675 1911 852 1972 obumtratus,

269 1986 415 2053 Depositum
426 1990 492 2038 sitim
505 1991 579 2039 vicini
590 1989 665 2039 fontia
673 1992 700 2040 iu
710 1987 784 2039 unda.

271 2066 351 2128 Quam
361 2066 445 2134 procul
460 2066 491 2118 ad
501 2068 574 2117 Lunae
583 2065 664 2118 radios
672 2065 807 2129 Babylonia
816 2065 906 2116 Thisbe

226 2143 341 2196 ¹00Vidit
351 2166 357 2196 t
369 2151 394 2196 ὃ(
405 2148 533 2197 obscurum
543 2145 638 2212 trepido
649 2144 709 2212 pede
719 2146 783 2212 fugit
791 2150 818 2195 in
826 2161 942 2204 autrum
980 2161 985 2170 ·

271 2223 386 2291 Dumque
400 2225 480 2290 fugit,
492 2240 559 2291 tergo
570 2225 690 2274 velamina
700 2225 765 2289 lapsa
774 2223 898 2289 relinquit.

271 2301 306 2350 Ut
317 2301 354 2352 lea
364 2304 425 2352 loera
433 2306 498 2352 sitim
509 2303 588 2353 multi
600 2303 748 2367 compescuit
758 2300 841 2360 uadi,

271 2379 339 2429 Dum
349 2378 412 2430 redit
422 2382 543 2456 iupilvas.
555 2385 665 2432 inventor
676 2379 741 2451 forte
748 2382 799 2428 siue
807 2377 876 2443 ipsa,

273 2457 321 2506 Ore
331 2474 456 2510 cruentato
468 2475 548 2510 tenues
559 2460 657 2508 laniavit
666 2459 773 2506 amilius.

215 2531 350 2594 ,²05Serius
361 2533 738 2603 tgrelsusvestigiauiditiualto
1089 2532 1090 2547 ¹

273 2614 373 2664 Pulvere
384 2633 448 2666 certa
460 2616 514 2666 leta
527 2651 535 2676 ‚
553 2629 654 2680 totoque
665 2613 781 2679 expalluit
790 2629 851 2673 ore,
1089 2562 1091 2691 l

272 2691 396 2754 Pyramus.
409 2693 444 2743 Ut
453 2695 511 2745 verri
521 2693 609 2744 vestem
620 2709 718 2760 quoque
728 2693 842 2758 sauguine
852 2694 951 2742 tindam
1088 2714 1089 2787 p

272 2771 405 2838 Repperita
419 2771 620 2832 Uuaduosu013
636 2775 736 2839 inquit,
751 2768 835 2836 perdet
844 2785 968 2828 amantem

273 2849 390 2917 Equibus
400 2851 442 2900 illa
457 2851 503 2900 fuit
517 2850 592 2916 longi
609 2850 748 2916 dignissima
761 2850 831 2899 vitia

227 2927 362 2981 ²¹⁰Nullra
371 2946 460 2980 nocens
469 2932 549 2980 anima
556 2931 598 2980 eli.
609 2930 662 2993 Ego
668 2944 706 2988 te,
718 2922 869 2986 miseranda,
882 2927 992 2991 peremi,

250 3064 254 3075 1
272 3006 301 3056 ln
312 3007 365 3060 loca
379 3008 449 3073 plena
458 3007 536 3058 mettis
547 3011 590 3074 qui
602 3010 658 3072 jurei
667 3008 736 3055 noire
747 3007 856 3062 venires;

273 3085 326 3136 Nec
338 3088 404 3150 prior
413 3089 460 3136 huc
471 3090 535 3138 veui.
550 3085 666 3135 Nostrum
680 3083 788 3134 divellite
798 3097 901 3148 corpus,
987 3135 989 3139 ,

273 3162 306 3214 Et
315 3165 427 3216 scelerata
437 3165 489 3216 fero
501 3167 635 3216 consumite
644 3165 734 3215 uiscera
745 3163 844 3220 morsu,

274 3239 297 3289 0
308 3241 315 3291 l
328 3246 473 3312 quicumque
482 3246 525 3306 sub
536 3247 581 3294 hac
592 3244 705 3300 habitarit
713 3257 791 3308 rupe,
804 3239 897 3292 leuuca.
