2334 4150
315 600 386 680 334
457 588 499 658 P.
526 588 680 656 Orrnrr
699 573 892 655 NAcou'us

314 711 405 762 Funera
417 709 519 762 ducebat
526 709 631 761 mediam
642 709 775 773 lacrymosa
786 727 826 775 per
834 711 918 758 urbem
929 744 937 770 ,

313 789 447 856 luridaque
456 791 535 839 arsur'o
546 789 658 854 portabat
668 788 776 838 membra
789 787 886 836 feretro.

311 869 382 919 forte
397 873 441 919 viae
451 870 530 918 vicina
540 865 644 926 domus,
657 865 705 932 qui
721 865 805 915 llebilis
816 865 867 914 ibat

309 947 416 1010 Pompa,
429 945 475 995 fuit
491 941 621 1012 :duraque
635 946 705 993 sonus
720 942 839 1008 plangoris
850 941 881 992 ad
891 957 961 993 aures

259 1025 381 1080 novenis
392 1026 549 1083 Anaxaretes,
567 1039 640 1088 quam
651 1027 701 1089 jam
715 1021 780 1070 Deus
793 1021 858 1070 ultor
869 1025 968 1086 agebat.

306 1101 378 1150 Mota
395 1116 491 1161 tamen,
509 1099 652 1156 Videamus,
669 1103 720 1160 ait,
736 1099 869 1149 miserabile
884 1101 976 1161 sunus,

302 1177 336 1226 Et
352 1179 438 1243 patulis
452 1182 508 1228 iniit
525 1181 612 1228 testum
623 1177 725 1226 sublime
736 1177 849 1227 fenestris.

302 1253 350 1304 Vix
365 1257 423 1304 bene
434 1259 596 1322 compositum
607 1255 668 1304 leno
680 1256 831 1320 prospexerat
842 1257 929 1320 Iphin,

300 1329 430 1398 Deriguere
440 1334 506 1383 ocull
518 1352 524 1382 r
537 1329 674 1398 calidusque
687 1350 698 1381 e
710 1346 811 1398 corpore
827 1335 941 1399 sanguis,

250 1407 399 1471 7551ndusio
419 1411 529 1477 pallore,
549 1410 621 1478 fugit.
638 1409 781 1477 Conataque
793 1410 858 1459 retrb

299 1489 368 1540 Ferre
388 1489 458 1557 pedes
470 1526 478 1552 ,
490 1493 574 1542 hesit:
586 1504 672 1540 conata
683 1505 786 1540 avertere
796 1490 897 1548 rultus;

297 1565 353 1618 Hoc
363 1585 459 1636 quoque
472 1585 522 1618 non
532 1571 612 1634 potuit
623 1586 629 1616 r
642 1568 804 1634 paulatimque
814 1583 918 1633 occupat
931 1585 1011 1632 artus,

297 1645 370 1709 Quod
382 1648 428 1696 fuit
437 1651 463 1696 in
473 1645 534 1696 duro
543 1650 593 1712 jam
604 1643 696 1712 pridem
707 1648 817 1711 pastore,
830 1647 922 1696 saxum.

295 1725 363 1774 Neve
374 1742 402 1774 ea
415 1723 469 1774 ficia
480 1740 548 1789 putes
558 1758 566 1782 ,
578 1723 682 1774 dorninae
693 1725 735 1772 sub
747 1727 851 1788 imagine
861 1727 958 1790 signum

244 1804 375 1862 yroServat
383 1799 461 1850 adbuc
469 1801 568 1850 Salamis
578 1820 584 1849 r
595 1803 693 1852 Veneris
701 1818 777 1868 quoq,
785 1806 884 1852 nomine
894 1805 1014 1870 templum

292 1880 459 1944 Prospicientis
469 1879 547 1929 habet.
558 1879 670 1942 Quorum
681 1897 791 1942 memor,
801 1879 832 1930 61
849 1899 921 1942 mea,
932 1885 1012 1934 lentos

291 1958 371 2018 Pone,
387 1973 486 2023 precor,
495 1957 585 2017 fastus,
604 1961 629 2007 δι
640 1961 731 2009 amanti
741 1962 855 2024 jungere,
868 1959 994 2027 Nymphe.

291 2039 329 2088 Sic
342 2039 384 2088 tibi
393 2053 437 2087 nec
451 2052 550 2089 vernum
562 2037 682 2087 nascentia
693 2037 767 2103 frigus
774 2035 858 2087 adurat

289 2117 382 2177 Poma,
394 2134 438 2167 nec
452 2120 571 2167 excutiant
582 2115 658 2181 rapidi
668 2115 779 2165 florentia
791 2118 866 2166 venti.

239 2199 272 2249 76
273 2206 284 2255 5
321 2196 377 2245 Hac
389 2196 429 2245 ubi
438 2229 446 2254 ,
455 2197 613 2261 nequicquam
621 2194 713 2243 formas
723 2194 788 2243 Deus
798 2208 865 2259 aptus
872 2196 896 2243 in
908 2213 1005 2259 omnes,

286 2270 370 2322 Edidit
382 2291 390 2331 3
410 2275 436 2321 in
452 2277 563 2338 juvenem
576 2270 667 2333 rediit,
686 2276 711 2322 δι
726 2272 797 2322 anilia
808 2271 886 2322 demit

285 2349 443 2400 Instrumenta
453 2353 498 2401 sibi
507 2370 513 2399 r
526 2352 626 2417 talisque
639 2354 748 2417 appannis
758 2351 795 2399 illi
805 2384 813 2409 ,

284 2426 368 2486 Qualis
381 2429 422 2475 ubi
435 2432 556 2492 oppositas
566 2426 710 2477 nitidissima
720 2428 781 2478 Solis
794 2431 876 2494 imago

283 2503 361 2553 Evicit
374 2504 467 2559 nubes,
483 2504 597 2569 nullique
607 2504 715 2555 obstante
726 2540 735 2566 ‚
748 2506 842 2555 reluxit.

233 2583 386 2649 770Vimque
396 2596 462 2647 parat
475 2599 483 2641 ς
495 2578 537 2631 sed
550 2583 576 2631 vi
590 2597 639 2631 non
653 2580 685 2631 esi
697 2599 757 2648 opus
770 2601 775 2631 :
789 2587 862 2649 inque
874 2582 950 2651 ligura

280 2660 360 2728 Capta
380 2660 428 2709 Dei
443 2659 557 2724 Nymphe
571 2658 618 2709 est:
629 2662 653 2709 δι
664 2675 748 2709 mutua
758 2661 856 2711 vulnera
866 2665 947 2713 sentit.

312 2742 436 2792 Proximus
454 2742 569 2793 Ausonias
584 2740 664 2807 injusti
682 2738 751 2790 miles
766 2742 849 2791 Amuli

187 2852 190 2859 -
279 2820 349 2868 Rexit
365 2836 442 2885 opes:
458 2818 620 2885 Numitorque
636 2820 719 2879 senex,
742 2818 845 2877 amissa,
861 2839 978 2889 nepotum

278 2897 393 2958 Munere,
404 2914 477 2963 regna
491 2900 569 2963 capit:
581 2897 690 2963 festisque
703 2897 817 2949 Palilibus
828 2899 901 2949 Urbis

227 2976 369 3036 775lssoenia
382 2972 526 3024 conduntur.
537 2976 669 3041 Tatiusque
679 2990 802 3041 patresque
814 2978 895 3026 Sabini

274 3052 342 3102 Rella
360 3065 463 3115 gerunt:
476 3055 582 3117 arcisque
595 3050 636 3101 vii
644 3087 653 3113 ,
671 3052 786 3117 Tarpeia,
805 3054 914 3118 reclusi,

273 3129 355 3195 Digni
373 3132 478 3179 animam
488 3128 560 3195 poeni
571 3131 688 3194 congestis
706 3132 769 3179 exuit
780 3136 861 3182 armis.

273 3206 331 3254 lude
342 3209 385 3254 sati
402 3209 495 3255 curibus
507 3242 516 3267 ,
534 3210 664 3256 tacitorum
676 3226 744 3257 more
756 3208 869 3273 luporum
880 3246 889 3271 ,

270 3278 319 3326 Ore
334 3295 446 3344 premunt
464 3299 552 3344 voces3
569 3287 594 3333 δι
606 3299 710 3351 corpora
721 3287 782 3337 vina
792 3288 890 3352 sopore·
