2334 4150
302 594 369 661 310
442 567 485 640 P.
509 569 663 638 Ournrr
683 568 880 638 anours

247 693 409 747 9¹0Petvenit
423 695 449 742 in
460 693 582 742 summum
591 693 664 758 positi
671 695 746 757 pr'ope
756 691 829 741 litora
839 691 943 742 monuit.

298 773 360 822 Ante
371 771 458 820 fretum
469 805 479 830 ‚
489 770 523 818 est
532 772 634 835 ingens,
645 773 738 836 apicem
752 768 867 820 colleeiuc
876 773 903 833 iu
914 783 1009 824 unuin.

297 849 382 916 Longa
391 852 441 898 eine
447 848 571 898 arboribus
576 863 698 899 convexus
708 845 740 898 ad
749 863 860 914 equora,
876 861 970 896 vertex.

297 927 413 978 Constitit
422 924 463 976 hic
477 929 521 977 2&
530 941 585 976 tuta
596 927 653 976 loco
664 960 673 986 ‚
685 925 863 988 monſtrumne,
879 923 979 974 Deusne

296 1003 340 1054 llle
353 1007 384 1054 eit
396 1037 406 1064 ,
419 1007 548 1069 ignorant,
563 1002 742 1072 admiraturque
755 1004 883 1064 colorem,

246 1081 473 1148 9¹5Caesatiemque
482 1084 611 1144 humeros,
621 1083 771 1149 subjectaque
782 1097 865 1147 terga,
877 1097 1014 1160 tegffntern,

295 1158 437 1225 Ultimaque
446 1163 549 1225 excipiat
559 1158 630 1227 quod
638 1161 727 1210 tortilis
737 1163 836 1226 inguina
845 1162 926 1226 piscis.

293 1237 390 1286 Sentit:
402 1241 428 1288 bt
437 1240 557 1298 innitens,
575 1253 629 1304 quae
640 1238 715 1288 flebat
728 1242 857 1304 proxima,
874 1239 938 1288 moli
950 1255 958 1297 ς

292 1314 352 1368 Non
361 1333 407 1382 ego
416 1314 568 1381 prodigium,
583 1333 633 1366 non
648 1319 700 1366 suin
712 1316 762 1366 fera
772 1316 869 1376 bellua,
882 1321 971 1382 virgo;

293 1396 352 1445 Sum
360 1394 436 1455 Deus,
444 1397 673 1461 inquit-,aqureenec
681 1399 758 1461 majus
768 1399 794 1444 in
805 1411 902 1461 equora
914 1395 1013 1444 Proteus

243 1474 334 1540 ,aolus
349 1475 436 1534 habet,
456 1487 498 1522 aut
508 1474 611 1528 Triton,
622 1463 849 1524 Athamantiadesve
860 1471 994 1522 Palemon.
1014 1509 1017 1514 -

292 1553 356 1602 Ante
366 1566 447 1602 tamen
456 1551 566 1602 mortalit
574 1567 640 1602 eram
651 1568 658 1601 a
670 1549 712 1601 sed
722 1551 813 1601 scilicet
823 1551 878 1600 altis

291 1629 396 1681 Deditut
408 1631 543 1696 equoribur
554 1663 563 1690 ,
575 1633 626 1695 jam
637 1645 689 1679 tum
699 1630 856 1681 exercebarin
864 1629 925 1679 illis.

290 1709 357 1760 Nam
367 1707 444 1759 modb
453 1706 572 1759 ducebam
582 1705 695 1758 ducentia
704 1711 763 1757 retia
773 1709 866 1772 pisces,

290 1785 364 1836 Nunc
375 1821 383 1846 ‚
400 1790 427 1835 in
438 1786 505 1836 mole
514 1783 614 1845 sedens,
625 1784 767 1838 moderabar
778 1784 895 1838 arundine
907 1785 996 1840 linum.

240 1878 286 1926 925
291 1866 352 1916 Sunt
363 1862 514 1929 viridiprato
524 1862 631 1913 confinia
640 1864 728 1924 litora,
740 1880 845 1930 quorum

290 1942 373 1993 Altera
386 1957 440 2008 part
456 1939 526 1991 undis
538 1975 548 2002 ,
561 1958 614 2003 pare
632 1941 706 1992 altera
720 1945 824 2006 cingitur
838 1943 938 2004 herbis,
973 1997 975 2002 ,
1043 1987 1046 1994 ,

289 2021 355 2084 Quas
369 2037 446 2089 neque
455 2022 585 2085 cornigerae
596 2022 677 2070 morsu
687 2019 766 2070 lasere
778 2023 884 2087 juvenca
895 2038 902 2079 3

288 2101 342 2153 Nec
354 2098 454 2167 placida
468 2099 599 2165 carpsistis,
619 2116 697 2161 oues,
715 2102 813 2150 hirtaeve
824 2099 935 2165 capella.

289 2179 348 2229 Non
365 2182 414 2243 apis
423 2176 480 2228 inde
490 2178 547 2227 tulit
556 2164 670 2241 callesius
682 2175 763 2243 sedula
771 2177 841 2227 floret
853 2196 862 2237 ς

238 2256 348 2315 93⁰Non
359 2255 475 2307 datasunt
484 2259 557 2322 capiti
564 2254 668 2321 genialia
677 2258 738 2317 serta
749 2288 757 2316 ,
768 2272 813 2305 nec
825 2271 943 2322 umquam

288 2335 410 2384 falcifera
418 2336 512 2385 secuere
518 2350 611 2384 manue.
621 2334 674 2399 Ego
684 2337 774 2399 primus
785 2337 811 2383 in
821 2333 866 2383 illo

288 2410 386 2475 Cespite
404 2411 522 2473 consedi,
536 2409 596 2461 dum
614 2411 663 2463 lina
678 2411 800 2462 madentia
812 2415 886 2463 sicco.

207 2494 211 2500 '
287 2490 370 2555 thue
387 2492 533 2543 recenserem
543 2492 651 2557 captivos
665 2488 750 2541 ordine
765 2492 861 2557 pisces,

287 2568 386 2635 insuper
395 2569 493 2634 exposui
506 2601 514 2628 ‚
526 2584 587 2635 quos
596 2581 637 2619 aut
647 2570 740 2619 lutetia
751 2570 817 2619 casus
824 2602 833 2629 ,

234 2649 337 2721 935llut
349 2648 392 2695 sua
401 2644 528 2697 credulitas
538 2649 564 2696 in
571 2644 677 2697 aduncus
687 2662 766 2712 egerat
779 2648 873 2697 hamus.

182 2751 184 2756 ·
288 2728 334 2777 Res
348 2725 433 2775 similia
449 2723 526 2775 flue!
540 2724 581 2775 sed
596 2722 655 2791 quid
665 2727 726 2775 mihi
742 2724 830 2791 fingere
842 2724 937 2791 prodest
949 2734 958 2780 Ξ

287 2804 403 2855 Gramine
413 2806 540 2865 contusio,
554 2807 629 2868 coepit
639 2820 692 2853 mea
703 2802 782 2869 prada
789 2806 898 2863 moveri,

286 2881 318 2931 Et
332 2896 424 2931 mutare
436 2880 514 2941 latue;
529 2882 657 2947 tetrique,
669 2884 731 2931 utin
741 2898 836 2949 equore
848 2886 904 2932 niti.

286 2958 498 3025 numquamne
504 2963 625 3025 mirorque
632 2959 704 3009 timul
715 2995 723 3021 ,
733 2960 795 3025 sugit
804 2964 884 3010 omnir
895 2961 1005 3011 inundat

141 3047 148 3058 ·
194 3075 196 3079 ,
236 3038 369 3093 940Turba
376 3040 433 3096 suas
444 3036 635 3105 :dominumque
646 3054 748 3098 novum,
759 3038 847 3107 litusq,
855 3039 1005 3105 relinquunt.

286 3116 403 3183 Obstupui
413 3134 421 3165 e
430 3112 564 3182 dubiusque
573 3114 615 3165 diu
626 3151 635 3176 ‚
646 3132 699 3181 que
710 3118 792 3177 eausa,
806 3120 919 3182 requir0;

284 3192 351 3241 Num
365 3192 431 3243 Deus
445 3194 492 3243 hoc
501 3194 588 3259 aliquis
598 3229 606 3255 ,
616 3210 675 3243 num
686 3196 768 3243 succus
779 3194 863 3245 fecerit
873 3198 964 3247 herbae.

283 3266 343 3327 Qua
354 3282 435 3321 tatneu
443 3273 498 3333 hae,
507 3274 619 3340 iuquam,
630 3264 691 3325 vitei
701 3273 773 3324 habet
783 3274 867 3325 herba?
878 3290 1003 3343 manuque
