2334 4150
233 557 665 626 Marauomuorrou
695 548 733 618 L.
758 549 826 621 IV.
858 553 901 639 89

184 679 290 730 Sustinet
299 681 334 727 ire
343 677 422 735 illuc,
440 675 530 725 coleili
542 672 597 723 sede
606 671 707 732 relisis,

184 759 295 810 Tantum
306 755 370 806 odiis
379 759 466 820 ireque
476 752 563 803 dabar!
575 755 685 801 Saturnia
695 751 768 801 lutto.

183 836 243 897 Quo
253 836 327 886 simul
336 837 450 892 intravit,
463 834 577 897 sacroque
586 849 600 880 a
612 846 713 896 corpore
722 827 827 895 pteffutn

182 911 308 978 Ingemuit
318 913 393 961 limen
402 929 410 970 ι
426 914 470 960 tria
481 909 600 960 Cerberus
610 910 696 959 ettulit
704 925 764 970 ora,

181 990 215 1040 Et
225 1007 273 1040 tres
283 991 383 1041 latratus
394 990 464 1038 simul
475 986 560 1038 edidit.
571 988 617 1037 llla
627 990 724 1038 Sorores
904 999 954 1046 450

181 1069 262 1120 Noae
273 1083 347 1120 uocat
359 1071 466 1133 genitas,
478 1083 548 1131 grave
559 1069 584 1115 St
596 1066 747 1132 implacabile
757 1081 855 1117 numen.

85 1192 88 1201 .
182 1146 295 1198 Carceris
307 1161 361 1196 ante
372 1146 435 1194 fores
446 1144 535 1194 clausas
545 1142 672 1194 adamante
683 1143 813 1204 sedebanr;

182 1222 271 1290 Deque
283 1227 330 1273 suis
340 1239 405 1275 atros
417 1224 541 1288 petiebatur
550 1224 655 1272 crinibus
664 1239 760 1288 angues.

181 1303 265 1364 Quam
278 1303 350 1352 sunul
362 1316 483 1367 agnorunt
492 1303 554 1350 inter
561 1299 671 1366 caliginis
681 1302 796 1358 umbras,

180 1383 309 1430 Surresere
317 1381 384 1430 Dee.
396 1378 467 1429 Sedes
477 1379 593 1428 Scelerata
602 1393 702 1428 vocatur
713 1398 720 1427 ι
902 1383 946 1431 455

180 1458 280 1508 Viscera
290 1460 412 1524 prebebat
420 1458 508 1519 Tityos
520 1455 652 1512 lanianda,
668 1471 804 1524 novemque

179 1535 307 1601 Jugeribus
318 1535 432 1586 distentus
445 1549 495 1586 etat
506 1555 513 1584 r
526 1535 589 1595 tibi,
605 1535 726 1595 Tamais,
742 1537 815 1588 nullae

130 1668 136 1677 .
178 1612 369 1678 Deprendunrut
377 1630 462 1680 aquae3
474 1623 575 1680 quaque
584 1615 716 1674 imminet,
728 1613 812 1680 effugit
823 1619 900 1668 arbos.

163 1693 229 1742 ..λιιι
239 1694 320 1755 petis,
335 1707 376 1742 aut
386 1709 454 1757 urges
466 1695 584 1755 ruiturum
596 1728 604 1752 ‚
620 1693 736 1758 Sisyphe,
751 1695 842 1744 saxum.

142 1803 148 1813 -
177 1767 295 1820 Volvitur
304 1772 388 1826 lxion.
405 1773 467 1820 &se
477 1773 630 1838 sequiturque
642 1770 762 1838 fugitque.
902 1782 951 1833 460

176 1848 313 1916 Moliriquc
323 1852 369 1898 suis
380 1850 455 1898 letum
467 1850 613 1916 patruelibus
623 1851 700 1908 auses,
715 1907 717 1911 ,

175 1925 286 1977 Assiduae
296 1942 406 1994 repetunt
417 1964 425 1989 ,
440 1942 498 1997 quas
509 1928 627 1996 perdant,
644 1927 738 1979 Belides
749 1929 834 1982 undas.

176 2003 247 2066 Quos
256 2011 401 2056 omnesacie
411 2008 464 2072 post·
474 2006 548 2074 qualm
560 2010 669 2058 Saturnia
683 2009 753 2058 torvi

175 2085 267 2144 Vidit,
285 2091 310 2135 bt
321 2102 375 2136 ante
386 2104 469 2137 omnes
481 2088 563 2137 Ixiona
576 2105 584 2146 3
601 2089 679 2137 rursus
691 2088 774 2137 abillo

174 2165 296 2229 Sisyphon
304 2166 432 2231 aspiciens,
445 2159 497 2216 Cur
510 2170 549 2216 hic
564 2184 577 2215 e
593 2166 722 2225 fratribus,
735 2169 831 2233 inquit,
897 2175 945 2229 465

173 2244 305 2308 Perpetuas
315 2247 404 2308 patitur
414 2260 497 2310 ponas
508 2251 518 2296 Ξ
531 2230 676 2293 Athamanta
686 2245 813 2309 superbum

174 2322 252 2386 Regia
263 2320 330 2371 dives
341 2324 413 2371 haber
424 2326 488 2389 ,qui
503 2340 542 2372 me
555 2339 611 2372 curn
627 2326 728 2389 conjuge
744 2324 836 2389 semper

174 2402 289 2465 Sprevir?
305 2404 329 2449 bt
342 2404 441 2466 exponit
450 2404 530 2451 causas
540 2400 638 2469 odiique
649 2405 740 2467 viasque
750 2420 758 2461 3

171 2478 289 2544 Quidque
298 2479 366 2528 velit.
380 2477 453 2539 Quod
462 2480 553 2540 vellet,
569 2497 637 2539 etat,
652 2496 681 2530 ne
696 2484 760 2545 regia
771 2478 860 2530 Cadmi

173 2558 270 2615 Statet3
290 2559 315 2605 St
325 2561 351 2605 in
362 2554 453 2605 facinus
463 2560 583 2607 traherent
593 2559 736 2610 Athamanta
746 2561 851 2608 Sorores.
893 2576 941 2621 47⁰

171 2636 322 2699 Imperium,
338 2632 469 2700 promissa,
486 2652 565 2699 preces
576 2636 705 2685 confundit
714 2640 739 2685 in
750 2652 843 2693 ututur

171 2714 333 2777 Solicitarque
342 2712 413 2761 Deas.
425 2714 463 2761 Sic
476 2716 527 2763 haec
540 2713 633 2762 lunone
646 2714 746 2773 locuti,

170 2793 306 2855 Tisiphone
319 2806 411 2850 canos,
426 2806 453 2839 ur
464 2806 514 2841 erat
529 2792 641 2850 turbata,
658 2790 758 2855 capillos

169 2871 254 2921 Movit
266 2888 273 2917 ι
285 2872 311 2918 bc
327 2868 446 2917 obstantes
461 2872 542 2934 rejecit
554 2870 584 2927 ab
601 2884 642 2918 ore
656 2868 775 2918 colubras.

169 2948 250 3015 Atque
262 2950 311 3006 ita,
328 2946 386 2996 Non
398 2946 475 3011 longis
486 2964 545 3013 opus
556 2948 590 2996 est
598 2949 754 3014 ambagibus,
770 2947 832 2999 infit.
888 2959 934 3007 475

168 3026 238 3075 fasta
248 3038 306 3090 puta
318 3058 325 3081 ‚
340 3040 498 3091 quacumque
508 3027 574 3089 iubes
585 3044 591 3074 ι
603 3026 731 3078 inarnabile
744 3042 844 3093 regnum

166 3104 258 3154 Desete
271 3119 278 3151 a
293 3116 364 3172 teque
375 3102 438 3152 refer·
447 3103 505 3157 cois
518 3104 624 3154 melioris
639 3103 670 3154 ad
680 3122 755 3155 auras.

198 3262 266 3317 seu
276 3262 340 3316 redit
353 3262 415 3315 luno
426 3281 432 3313 ι
444 3280 517 3334 quam
531 3264 621 3317 tolum
631 3266 718 3318 intrate
730 3280 853 3331 parantem
