2334 4150
256 569 325 632 270
402 545 445 614 P.
462 545 823 612 OrrnrrNAsours

254 668 392 717 Multorum
409 666 491 716 frustra
500 669 562 716 votis
574 681 657 730 optata
667 683 806 731 procorum.

255 741 380 794 Tentasset
394 743 474 792 Peleus
485 743 602 792 thalamos
613 760 709 811 quoque
718 744 819 792 forsitan
828 741 904 800 illos3

257 821 303 872 Sed
321 827 370 889 lam
381 837 420 871 aut
433 825 581 886 contigerant
596 820 632 869 illi
644 823 764 872 connubia
776 824 877 874 matris,

211 901 306 956 inllut
322 901 414 949 fuerant
425 897 553 964 ptonrilla,
566 914 620 947 tua.
633 897 683 947 Nec'
696 897 775 948 Caenis
784 900 810 946 in
819 896 884 945 ullos

256 979 374 1044 Denupsit
385 978 503 1028 thalamos
516 996 521 1026 t
536 979 669 1042 secretaque
679 976 751 1025 litora
758 991 876 1042 carpens,
905 969 908 975 ’

257 1058 371 1124 AEqnorei
381 1061 431 1106 vim
444 1053 508 1122 palla
519 1055 565 1104 Dei
583 1056 629 1103 est:
641 1059 674 1104 ita
684 1056 756 1104 Fama
772 1054 873 1106 ferebat.

257 1129 338 1194 thue
354 1146 422 1180 nova
433 1129 531 1178 Veneris
542 1128 666 1192 Neptunus
678 1126 766 1192 gaudia
776 1130 839 1192 cepit
851 1146 859 1186 3
908 1180 912 1187 ¹

259 1210 310 1256 Sint
322 1223 360 1256 tua
372 1207 497 1256 totaliter
509 1241 517 1264 ‚
537 1203 612 1262 dixit,
624 1206 704 1253 secura
718 1204 833 1269 repulse:

213 1286 328 1351 aooElige
340 1283 397 1351 quid
406 1301 501 1334 voveas.
515 1281 605 1334 Eadem
617 1287 662 1332 hoc
673 1300 770 1348 quoque
781 1277 985 1334 Fama‘ferebata.

259 1365 375 1429 Magnum
387 1399 394 1423 ‚
410 1363 489 1413 Caenis
503 1365 550 1421 ait,
563 1362 621 1410 facit
632 1363 681 1409 haee
693 1363 874 1425 injuriatorum
886 1379 894 1409 t

259 1441 319 1491 Tale
336 1445 385 1507 pati
396 1442 430 1492 nil
442 1439 506 1506 polle
519 1443 577 1489 mihi
591 1438 636 1499 da,
648 1439 738 1488 femina
745 1455 774 1486 ne
785 1442 846 1487 sim:

261 1522 351 1570 Omnia
366 1521 507 1586 praestiteris.
520 1521 635 1569 Graviore
646 1520 775 1567 novissima
785 1515 848 1569 dixit

261 1600 341 1649 Verba
353 1600 412 1649 sono
420 1619 426 1648 s
435 1615 575 1665 poteratque
591 1599 636 1646 viri
646 1614 693 1646 vox
704 1597 745 1644 illa
756 1594 832 1645 videri
843 1629 855 1656 ,

216 1681 329 1739 aosssicut
344 1693 400 1729 erat.
414 1679 477 1728 Nam
488 1681 536 1742 iarn
544 1693 604 1728 roto
616 1676 680 1725 Deus
691 1677 790 1742 aequoris
799 1674 845 1723 alti

264 1760 385 1807 Annuerat
397 1777 403 1808 r
416 1753 559 1820 dederatque
574 1757 659 1818 super,
671 1771 700 1802 ne
712 1754 801 1801 saucius
812 1752 871 1800 ullis
928 1812 931 1818 Ι

263 1835 407 1883 Vulneribus
423 1833 488 1887 lieri,
503 1834 597 1882 ferrove
610 1835 752 1883 occumbere
763 1828 848 1896 pollet.

264 1913 364 1961 Munere
380 1911 445 1960 laetus
457 1913 520 1960 abit:
531 1909 658 1976 studiisque
670 1911 777 1960 virilibus
787 1926 868 1959 return

264 1989 345 2055 Exigit
355 1987 494 2047 Atracides,
511 1990 644 2054 Peneiaque
656 2004 710 2044 arva
723 2002 835 2052 pererrat.

219 2080 266 2113 210
299 2067 405 2119 Duxerat
420 2065 590 2134 Hippodamen
604 2064 688 2116 audaci
702 2067 782 2116 Ixione
797 2081 886 2128 natusq

265 2147 449 2213 Nubigenasqut
459 2148 522 2201 feros
532 2183 539 2206 ‚
551 2149 634 2212 positis
645 2163 672 2195 es
683 2144 767 2195 ordine
778 2147 886 2206 mensis,

264 2226 395 2277 Arboribus
408 2229 469 2279 testo
480 2223 628 2275 discumbere
639 2221 735 2290 jufferat
746 2239 827 2273 antro.

265 2304 386 2353 Haemonii
397 2321 504 2369 proceres
516 2302 632 2362 aderant,
644 2301 768 2352 aderamus
779 2306 804 2351 δι
815 2302 860 2366 ipsi
872 2317 884 2361 ς

267 2380 378 2447 Fessaque
391 2382 492 2431 confusi
502 2383 627 2430 resonabat
637 2385 701 2445 regia
713 2380 791 2430 turbd.
846 2376 855 2385 ⁵

221 2466 246 2498 ²¹
255 2469 262 2511 5
269 2460 330 2508 Eece
344 2474 432 2509 canunt
444 2460 592 2521 Hymenaeon
604 2478 610 2507 :
623 2463 647 2509 δι
658 2451 753 2524 ignibits
764 2462 823 2507 atria
833 2458 946 2519 fumanrt

268 2536 400 2603 Cinllaque
410 2536 473 2587 adest
480 2540 548 2601 virgo
559 2552 666 2585 matrum
676 2551 826 2605 nuruumque
836 2537 950 2598 catervi,

268 2616 392 2679 Praesignis
403 2614 472 2664 fatie.
484 2615 588 2664 Felicem
600 2613 703 2664 diximus
712 2614 756 2664 illa

269 2693 381 2759 Conjuge
392 2695 541 2743 Pirithoum:
553 2692 621 2759 quod
636 2710 702 2758 paene
713 2693 843 2744 fefellimus
853 2709 939 2745 omens

269 2772 334 2821 Nam
351 2773 413 2832 tibi,
426 2773 540 2821 saevorum
552 2774 679 2822 satissime
686 2770 865 2821 Centaurorum

189 2894 191 2899 a
224 2851 375 2913 atoEuryte.
393 2850 467 2916 quim
483 2853 539 2899 vino
550 2853 646 2914 pedus,
663 2865 713 2897 tam
722 2852 815 2913 virgine
824 2847 893 2909 visi,
939 2834 944 2845 ’

270 2927 345 2979 Ardet
357 2946 363 2977 e
377 2931 401 2977 δι
413 2929 510 2977 ebrietas
522 2931 642 2993 geminata
654 2925 754 2977 libidine
763 2942 856 2997 regnat.

270 3008 382 3058 Protinus
396 3009 480 3056 eversae
491 3008 588 3056 turbant
598 3009 709 3056 convivia
721 3007 823 3064 mensa,
834 3043 840 3049 .

272 3088 434 3151 Rapturusque
446 3088 522 3134 tomis
537 3100 578 3150 per
585 3088 638 3133 vim
644 3100 708 3134 nova
718 3099 793 3148 nupta
801 3085 937 3149 prehensis.'

272 3163 376 3226 Eurytus
387 3160 577 3227 Hyppodamen,
589 3161 630 3211 alii
640 3178 728 3228 ,quam
738 3165 838 3227 quisque
850 3164 993 3225 probaram,

226 3240 321 3315 ²25{lut
332 3256 461 3305 poterant,
473 3245 584 3309 rapiunt:
597 3253 717 3310 captaque
729 3256 780 3295 etat
791 3242 855 3293 urbis
864 3242 957 3311 imago.

160 2270 173 2293 ’1
