2334 4150
264 486 328 531 102
404 466 448 535 P.
472 469 630 538 OVJDH
648 453 841 542 NASONIS

210 585 238 631 ⁷5
258 585 289 635 Et
299 585 372 648 Libys
385 587 578 653 Amphimedon,
591 591 655 642 avidi
667 596 819 645 committere
829 607 953 658 pugnam:

259 666 397 730 Sanguine,
408 684 457 733 quo
468 669 538 718 tellus
548 670 596 719 lati
606 671 738 722 madefacta
750 674 843 738 tepebat
854 706 863 732 ‚
901 689 912 706 ³

259 741 423 794 Conciderant
434 743 493 811 lapsi
503 764 510 793 t
522 748 670 812 surgentibus
681 751 773 800 obstitit
782 753 862 811 ensis,

258 821 362 871 Alterius
374 822 458 880 tostis,
469 823 555 889 jugulo
566 826 709 876 Phorbantis
720 825 824 878 adeum.

260 902 292 949 At
301 916 349 948 non
360 900 486 950 hdoriden
497 902 615 960 Erimon,
630 909 668 954 cui
679 905 727 955 lata
738 907 846 970 bipennis

212 983 243 1030 80
261 973 347 1022 Telum
358 989 423 1034 erat,
434 973 542 1031 'admoto
553 977 647 1026 Perseus
658 981 718 1042 petit
729 981 782 1027 ense
794 997 800 1026 ε
811 974 852 1025 sed
862 975 921 1026 aitis

260 1051 395 1101 Exstanrem
405 1042 494 1116 si'gnis,
511 1053 642 1119 multaque
653 1058 677 1102 iu
688 1052 794 1120 pondere
807 1049 887 1104 massa

260 1126 384 1190 Ingentem
396 1161 405 1186 ‚
423 1130 533 1177 manibus
545 1128 611 1178 tollit
623 1144 713 1180 cratera
725 1128 833 1185 duabus3

259 1203 398 1270 infligitque
408 1209 470 1255 viro.
483 1207 593 1256 Rutilum
607 1211 686 1258 vomit
697 1207 738 1256 ille
750 1222 881 1266 cruoreme

260 1282 291 1332 Et
300 1285 422 1348 resupinus
432 1287 533 1337 humum
545 1285 693 1338 moribundo
701 1291 790 1339 vertice
801 1287 888 1352 pulsat.

212 1353 239 1414 ὃς
259 1356 317 1408 lude
328 1360 471 1411 Semiramio
482 1360 655 1424 Polydzmona
665 1365 778 1429 sanguine
790 1376 901 1420 cretum,

260 1433 453 1502 Caucasiumque
461 1439 565 1499 Abarin,
576 1439 820 1505 Sperchionidemque
829 1439 945 1499 Lycetum
955 1469 966 1492 ,

260 1511 631 1580 intonsumquecotnaslilycen,
640 1517 790 1584 Phlegiamq3
798 1551 806 1572 ,
814 1515 982 1579 Clytumque3

261 1591 350 1640 Sternit
361 1609 369 1649 3
384 1596 408 1640 lit
419 1593 544 1645 exstructos
555 1595 701 1645 morientim
713 1596 790 1646 calcat
802 1607 908 1642 acervos.

260 1667 314 1717 Nec
324 1668 427 1717 Phineus
438 1672 505 1718 ausus
515 1688 655 1720 concurrere
666 1674 775 1722 cominus
785 1669 846 1718 hosti
857 1687 864 1716 t

212 1751 243 1790 90
261 1745 387 1810 intorquet
398 1747 520 1810 jaculum,
533 1746 601 1813 quod
612 1747 699 1802 detulit
710 1763 774 1796 error
784 1749 810 1794 iu
823 1742 881 1792 ldan
893 1759 904 1800 ·,

260 1824 388 1887 Expertem
398 1823 481 1874 frustra
492 1823 567 1881 belli,
579 1827 604 1875 δι,
616 1840 699 1872 neutra
710 1827 775 1872 mma
785 1823 902 1872 secutum.

258 1898 303 1947 ilie
314 1914 381 1948 tuens
394 1899 471 1948 oculis
484 1902 605 1951 immitem
619 1901 709 1950 Phinea
720 1903 794 1949 torvis
806 1916 814 1956 3

260 1975 462 2043 Quandoquidem
468 1980 493 2026 in
498 1981 639 2043 partes‚ait,
646 1979 762 2038 attrahor,
769 1979 848 2044 accipe
856 2011 864 2038 ,
872 1977 985 2039 Phineu,

261 2055 340 2119 Quem
350 2055 426 2107 seciili
436 2055 545 2116 hostem3
556 2059 673 2125 pensaque
684 2059 731 2111 hoc
742 2056 840 2109 vulnere
849 2055 949 2108 vulnust

196 2136 201 2142 “
213 2132 226 2169 ⁵
231 2132 240 2175 5
260 2136 360 2202 Jamque
374 2131 510 2185 remissurus
522 2138 621 2185 crastum
634 2134 663 2186 de
674 2152 774 2202 corpore
786 2134 882 2196 telum,

262 2215 381 2282 Sanguine
392 2212 497 2264 desedos
508 2212 596 2263 cecidit
605 2214 724 2280 collapsus
735 2217 760 2263 in
770 2228 842 2263 artus.

262 2291 310 2341 Hic
321 2308 418 2358 quoque
429 2290 573 2356 Cephenum
583 2291 637 2356 post
647 2308 727 2355 regem
737 2294 827 2356 primus
838 2286 925 2337 Oditee

262 2369 323 2418 Ense
334 2373 397 2435 iacet
408 2367 523 2429 Clymeni
535 2386 542 2415 e
553 2367 683 2415 Protenora
697 2367 798 2431 perculit
810 2366 918 2431 Hypseus
928 2381 939 2425 ς

262 2447 361 2511 Hypsea
367 2443 493 2507 Lyncides.
506 2444 595 2492 Fuit&
606 2441 744 2506 grandaevus
755 2446 780 2491 in
791 2442 840 2491 illis

194 2584 197 2588 ¹
216 2525 408 2577 ¹00Emathion,
424 2523 485 2586 aequi
497 2520 592 2578 cultor,
606 2517 750 2587 timidusque
762 2518 872 2567 Deorum
884 2537 891 2567 t

261 2603 339 2663 Quem
351 2601 465 2665 quoniam
477 2600 605 2663 prohibent
616 2600 672 2647 anui
683 2597 788 2658 bellare,
802 2594 928 2664 loquendo

262 2681 356 2745 Pugnat
367 2698 375 2738 3
390 2684 414 2727 ut
426 2682 521 2729 incessit
532 2714 540 2738 ,
558 2679 718 2747 scelerataque
729 2676 832 2728 devovet
842 2694 916 2727 arma.

262 2757 325 2807 Huic
337 2756 452 2808 Chromis
464 2792 472 2814 ‚
485 2755 596 2822 amplexo
608 2756 718 2806 tremulis
729 2756 813 2808 altaria
827 2756 913 2820 palmis
925 2786 933 2815 ,

263 2835 372 2884 Demetit
383 2835 436 2883 ense
447 2848 536 2898 caput3
548 2831 615 2899 quod
625 2836 733 2899 protinus
744 2832 831 2881 incidit
841 2848 886 2882 arae
899 2850 905 2879 e

217 2906 260 2967 ⁴¹05
265 2915 342 2979 Atque
352 2914 386 2961 ibi
397 2913 520 2961 semanimi
533 2912 605 2961 verba
619 2911 760 2959 exsecrantia
774 2908 857 2972 lingui

262 2988 365 3043 Edidir,
385 2992 410 3037 dt
421 2985 513 3037 medios
524 2991 631 3036 animam
642 2988 767 3050 exspiravit
777 2988 802 3033 in
813 2988 889 3048 ignes.

264 3068 327 3116 Hinc
337 3069 427 3133 gemini
439 3066 539 3124 fratres,
555 3066 698 3129 Broteasque
710 3066 734 3111 δι
746 3061 851 3110 callibus
859 3058 969 3111 Ammon

264 3142 368 3197 invidi,
385 3143 450 3191 vinti
464 3144 483 3189 si
497 3136 591 3206 pnlsent
602 3138 707 3187 caestibus
723 3138 805 3193 enses,

264 3215 354 3268 Phinei
366 3214 472 3269 cecidere
484 3232 556 3266 manu
567 3234 573 3264 :
584 3214 725 3284 Cererisque
736 3210 845 3268 sacerdos

1086 2102 1088 2143 l
