2334 4150
247 539 683 612 MnrArronrrrosnort
705 538 744 606 L.
763 540 829 606 1V.
858 566 903 627 77

170 659 308 717 Extremus
320 664 379 715 albis
390 667 415 714 iu
425 664 529 714 turribus
539 666 616 729 egerit
627 678 712 713 annos.

171 744 238 795 Nais
250 761 283 794 an
293 759 321 793 ut
331 758 419 799 cantu,
431 746 581 808 nimiumque
596 742 735 808 potentibus
745 740 825 789 herbis
835 772 844 800 ‚

171 822 285 872 Verteris
298 826 324 871 in
336 824 420 871 tacitns
432 820 546 885 juvenilia
555 836 657 885 corpora
667 822 741 885 pisces
751 834 760 877 5
905 866 907 871 .
925 831 954 873 50

172 898 266 951 Donec
277 898 343 950 idern
355 897 419 964 palla
430 899 463 947 cll
474 916 480 947 ι
493 916 539 959 an,
553 915 606 965 quae
616 915 690 964 poma
700 897 754 947 alba
765 895 876 954 ferebar,

173 978 212 1028 Ut
222 994 289 1028 nunc
301 980 368 1041 nigra
381 977 441 1025 ferat
451 978 561 1026 contuitu
572 978 690 1041 sanguinis
700 976 780 1025 arbor.
805 998 808 1003 ·

174 1057 236 1107 llaec
246 1056 329 1122 placet
341 1074 347 1103 ι
360 1057 420 1103 haut
431 1089 439 1113 ,
451 1057 566 1120 quonism
577 1054 683 1119 vulgatis
698 1052 779 1104 fabula
789 1070 841 1104 non
852 1055 883 1104 cii
894 1090 902 1110 ,

172 1134 277 1184 Talibus
288 1134 342 1183 orsa
353 1130 432 1181 modis
444 1166 453 1192 ,
471 1132 527 1183 lani
538 1134 580 1181 sua
591 1130 635 1182 fila
646 1133 768 1198 sequente.

205 1289 360 1351 Pyramus&
372 1288 478 1343 Thisbe,
488 1291 605 1353 juvenum
619 1288 793 1355 pulcherrimus
804 1292 882 1351 alter,
917 1309 944 1353 55

171 1366 275 1427 Altera,
292 1383 352 1432 quas
368 1366 453 1415 Oriens
468 1368 569 1424 habuit,
582 1368 680 1432 praelata
694 1371 797 1435 puellis,

171 1445 309 1509 Contiguus
320 1460 416 1494 tenuere
431 1444 517 1495 dumos
529 1464 535 1493 ε
548 1448 589 1494 ubi
601 1445 690 1496 dicitur
702 1449 780 1499 altarn

169 1522 309 1573 Costilibus
322 1526 396 1572 mutis
409 1522 507 1573 cinxille
519 1526 657 1575 Semiramis
671 1528 766 1575 urbem.

168 1600 292 1651 Notitiam
308 1605 446 1668 primosque
461 1600 546 1667 gradus
561 1606 651 1653 vicinia
665 1604 734 1653 fecit.

169 1680 293 1745 Tempore
304 1683 379 1729 crevit
388 1696 456 1730 amor
467 1699 475 1728 t
489 1678 556 1729 taedse
567 1696 666 1746 quoque
681 1685 734 1747 jure
745 1678 848 1731 coilseut
859 1700 868 1741 i
915 1698 945 1734 σο

168 1755 215 1806 Sed
227 1771 325 1807 vetuere
335 1773 414 1822 patres
426 1776 433 1805 ι
447 1755 516 1823 quod
531 1774 581 1807 nou
596 1774 696 1823 potuere
709 1774 805 1815 verare,

167 1834 203 1884 Ex
215 1851 288 1901 aequo
302 1839 377 1901 captis
389 1834 504 1885 ardebant
518 1838 639 1885 mentibus
649 1838 731 1887 ambo.

167 1912 289 1965 Conscius
300 1916 380 1965 nrnnis
391 1913 454 1963 abest
465 1932 471 1961 s
483 1928 545 1963 nuru
558 1917 679 1981 signisque
690 1915 838 1986 loquunturs

167 1991 274 2058 Qubque
288 1994 365 2057 magis
377 1995 478 2057 tegitur,
493 1994 566 2041 tellus
576 1996 653 2057 tnagis
662 1992 744 2044 testuas
753 1996 825 2058 iguis.

166 2068 244 2120 fissus
256 2087 307 2122 erat
317 2074 383 2120 tenui
395 2070 456 2122 rimi
467 2105 474 2130 ,
487 2088 560 2138 quam
572 2069 673 2122 duxerat
683 2072 744 2120 olim
754 2108 763 2130 ,
913 2082 940 2133 ⁶5

165 2147 234 2199 Crlm
247 2147 315 2199 fieret
325 2153 419 2214 paries,
436 2147 520 2198 domui
537 2153 674 2200 communis
688 2153 794 2215 utrique.

166 2217 197 2275 ld
207 2230 300 2276 vitium
310 2228 371 2278 nulli
382 2244 424 2292 per
434 2227 514 2278 secula
526 2227 599 2292 longa
609 2243 721 2280 notatum
731 2263 740 2288 ‚

167 2301 178 2370 (
190 2302 257 2364 Quid
267 2321 318 2353 non
331 2305 402 2354 sentit
412 2305 517 2372 amori)
529 2309 602 2370 primi
614 2307 714 2356 sensistis
725 2323 849 2370 amantes,

167 2381 200 2431 Et
209 2383 266 2432 voti
279 2381 365 2432 lecistis
375 2385 421 2432 iter
431 2401 438 2430 s
452 2397 556 2450 tutaque
566 2401 609 2448 per
618 2384 682 2434 illud

167 2460 296 2509 Murmure
308 2459 431 2512 blanditia
443 2465 546 2512 minimo
557 2466 656 2512 transire
667 2464 785 2517 solebant.

164 2539 231 2603 Saepe
242 2553 269 2587 ut
278 2537 431 2588 constiterant
441 2574 450 2599 ,
461 2541 516 2588 hinc
528 2541 637 2601 Thisbe,
649 2542 765 2604 Pyramus
775 2544 844 2594 illinc
856 2562 874 2603 3.

164 2616 241 2682 lnque
251 2618 330 2666 vicem
342 2616 419 2666 fuerat
428 2631 536 2682 captatus
548 2619 667 2668 anhelitus
676 2623 743 2680 oris3

164 2691 268 2753 invide,
282 2691 414 2754 dicebant,
432 2697 524 2760 paries,
541 2694 602 2761 quid
612 2698 747 2746 amantibus
762 2699 838 2748 obstas
850 2703 859 2746 i

166 2771 292 2832 Quantum
303 2787 352 2822 erat
363 2806 372 2828 ,
386 2787 412 2822 ut
423 2775 509 2822 sineres
520 2789 565 2822 nos
575 2788 629 2822 toto
640 2790 741 2836 corpore
757 2779 823 2839 jungi
835 2778 842 2824 Ξ

166 2850 214 2898 Aut
227 2851 275 2898 hoc
287 2851 306 2898 si
315 2851 435 2905 nimium,
448 2850 487 2900 vel
498 2848 530 2900 ad
539 2851 621 2901 oscula
630 2848 710 2902 danda
720 2855 828 2916 pateres!
905 2871 932 2914 75

164 2927 215 2977 Nec
230 2929 311 2977 surnus
322 2931 410 2994 ingrati
422 2948 428 2978 ι
441 2930 486 2979 tibi
498 2946 542 2980 nos
553 2928 639 2979 debere
649 2929 772 2987 fatemur,

164 3002 236 3064 Quod
249 3003 319 3054 datus
333 3006 366 3054 est
375 3008 453 3057 verbis
465 3006 496 3057 ad
507 3012 596 3059 amicas
607 3012 718 3060 transitus
729 3026 804 3061 aures.

163 3083 231 3132 Talin
241 3081 337 3140 diversi
346 3088 509 3152 nequicquam
522 3085 577 3138 sede
593 3086 688 3147 locuti,

161 3162 207 3208 Sub
217 3162 319 3212 *nouem
334 3160 433 3218 dixere,
449 3162 510 3212 Vale
522 3182 528 3212 s
543 3166 653 3230 partique
667 3163 754 3215 dedere

161 3237 251 3291 Oscula
264 3241 366 3307 quisque
377 3242 440 3304 suae,
453 3256 502 3292 non
512 3245 676 3308 pervenientia
686 3259 778 3294 contra.
903 3258 934 3309 30

719 3321 744 3371 D
756 3323 783 3388 iij
