2334 4150
255 514 805 590 Merauoarnomouffl.
838 535 907 605 247

194 639 281 692 Clarus
296 657 346 690 erat
355 640 419 690 Divi
428 659 433 688 ι
443 656 486 688 nec
494 642 531 688 avi
542 642 618 704 magis
628 637 670 686 ille
684 636 788 700 superbit

194 717 316 776 Nomine,
334 719 407 783 quim
419 717 493 782 soceri
504 733 510 762 :
523 713 642 780 siquidem
652 713 718 762 Iovis
727 709 774 760 ell'e
782 714 865 776 nepoti

193 793 306 858 Contigit
318 792 380 843 haud
392 797 450 854 uni,
463 797 551 857 conjux
561 791 614 840 Dea
623 792 727 854 contigit
739 793 789 838 uni.
909 789 957 822 ²²⁰

93 873 94 918 ἰ
193 871 304 938 Namque
315 874 382 922 senex
393 868 491 920 Thetidi
504 871 617 926 Proteus3
629 869 694 927 Dea,
705 867 814 926 dixerat,
825 864 905 923 unde,
1001 919 1004 924 ⁸

191 949 302 1015 Concipe
313 968 319 997 ι
332 964 407 998 mater
418 951 463 996 eris
478 951 574 1012 juveni,
587 949 630 1011 qui
639 945 741 994 fortibus
751 948 808 994 astis

190 1027 248 1076 Asta
258 1031 331 1092 patris
347 1029 442 1084 vinctt3
454 1029 577 1090 maiorque
587 1024 711 1073 vocabitur
719 1022 774 1071 illo.

191 1102 272 1168 Ergo,
292 1121 321 1152 ne
331 1106 459 1170 quicquam
470 1100 573 1151 mundus
583 1101 642 1151 love
656 1105 732 1165 majus
740 1101 856 1156 haberet,

192 1181 307 1242 Quamvis
318 1179 383 1232 haud
392 1179 485 1248 tepidos
497 1181 538 1228 sub
549 1181 642 1246 pedore
653 1181 754 1229 senserat
763 1181 829 1242 ignes
905 1183 951 1232 ²21·

187 1259 314 1324 luppiter,
333 1275 446 1326 equoreae
456 1255 564 1307 Thetidis
575 1259 696 1307 connubia
710 1260 770 1306 vitat
781 1273 790 1315 3

190 1337 219 1386 ln
231 1340 318 1404 suaque
329 1336 443 1386 AEaciden
453 1334 575 1385 succedere
585 1350 644 1385 voca
654 1348 768 1400 nepotem

188 1415 261 1464 lussit
272 1450 281 1475 ,
294 1419 318 1464 δι
333 1415 454 1478 amplexus
463 1415 489 1462 in
499 1416 598 1478 virginis
609 1416 643 1460 ite
656 1416 762 1460 marinae.

220 1493 262 1542 Est
273 1495 336 1540 sinus
347 1491 479 1540 Haemonia
492 1505 576 1539 curvos
588 1489 688 1537 falcatus
698 1491 725 1535 in
734 1502 801 1535 artua
814 1504 822 1533 r

187 1569 288 1622 Brachia
302 1583 446 1634 procurrunt
454 1583 462 1624 3
473 1569 531 1625 ubi,
547 1569 565 1614 si
577 1565 640 1614 foret
649 1565 720 1613 altior
731 1561 810 1618 unda,
904 1576 952 1622 ²30

188 1649 274 1698 Portus
285 1661 335 1696 erat
348 1664 353 1694 :
366 1647 464 1694 summis
474 1642 597 1694 indusium
608 1643 641 1692 est
649 1657 734 1707 aequor
744 1642 829 1688 arenis.

179 1725 255 1774 Litus
271 1725 343 1774 habet
357 1722 477 1782 solidum,
498 1719 564 1788 quod
579 1737 623 1770 nec
640 1719 736 1784 vestigia
753 1719 844 1776 servet,

188 1801 241 1850 Nec
262 1817 394 1852 remoretur
408 1802 467 1860 iter,
480 1817 523 1850 nec
538 1813 649 1864 opertum
659 1795 761 1863 pendeat
771 1795 836 1861 algai.

187 1877 284 1942 Myrtea
300 1879 359 1929 silva
375 1878 467 1938 subest,
483 1877 630 1926 bicoloribus
639 1876 720 1925 obsita
730 1875 817 1924 baccis.

186 1957 227 2007 Est
245 1958 325 2021 specus
336 1960 361 2006 in
379 1955 459 2006 medio
472 1975 477 2003 :
491 1955 574 2006 naturl
593 1956 666 2005 sacius
677 1990 685 2014 ‚
698 1969 729 2003 au
738 1964 801 2012 arte,
904 1967 948 2013 235

187 2023 335 2100 Ambiguum
346 2053 353 2095 3
372 2037 447 2101 magis
458 2047 507 2086 arte
519 2049 599 2083 tamen
611 2051 617 2081 t
629 2031 678 2099 qul)
688 2033 748 2095 saepe
757 2033 837 2081 venite

186 2110 290 2163 frenato
301 2112 412 2178 delphine
420 2111 519 2170 sedens,
537 2113 611 2160 Theti
621 2109 684 2159 nuda
691 2144 699 2169 ‚
706 2109 811 2168 solebas.

185 2188 239 2238 lllic
251 2205 274 2239 te
285 2191 382 2251 Peleus,
398 2204 426 2239 ut
439 2190 525 2238 somno
538 2191 618 2239 vineta
627 2189 736 2254 jacebas,

187 2266 296 2332 Occupat
308 2287 314 2316 s
326 2272 364 2329 lit,
384 2270 499 2335 qnoniam
517 2268 625 2331 precibus
636 2280 725 2315 tentata
736 2280 867 2331 repugnas,
909 2282 912 2287 ·

187 2342 246 2393 Vim
256 2360 338 2409 parat,
357 2348 475 2394 innectens
490 2346 607 2393 ambobus
617 2344 682 2393 colla
697 2343 800 2392 lacertis.
903 2361 950 2407 ²40

186 2421 261 2482 Quod
270 2426 315 2472 nisi
324 2420 422 2473 venisses
434 2459 441 2483 ‚
456 2426 549 2473 variatis
564 2424 624 2487 saepe
635 2420 731 2486 figuris,

184 2498 224 2548 Ad
238 2501 319 2549 solitas
329 2517 406 2561 artes,
421 2504 477 2551 auso
489 2501 552 2550 soret
562 2500 604 2548 ille
611 2503 711 2565 potitus.

184 2575 231 2627 Sed
244 2576 320 2627 modo
332 2593 357 2627 tu
366 2578 485 2637 volucris,
496 2578 619 2627 volucrem
630 2592 711 2625 tamen
721 2576 763 2627 ille
770 2577 881 2634 tenebat3

184 2653 257 2705 Nunc
268 2657 345 2720 gravis
359 2656 428 2702 atbor
446 2671 510 2713 eras,
523 2656 627 2702 herebat
636 2656 661 2703 in
671 2656 755 2704 arbore
763 2655 854 2704 Peleus.

108 2764 110 2769 -
184 2731 269 2781 Tertia
280 2732 359 2780 forma
371 2730 417 2779 fuit
433 2731 559 2779 maculosa:
570 2729 675 2794 tigridisr
685 2732 729 2780 illa
861 2760 867 2769 ·
901 2752 944 2802 ²⁴5

145 2841 148 2847 ι
183 2810 294 2859 Territus
306 2804 413 2857 AEacides
426 2824 439 2856 a
450 2814 549 2873 corpore
560 2800 658 2857 hrachia
669 2807 750 2859 solvit.

182 2882 243 2935 lnde
261 2884 327 2933 Deos
337 2884 430 2949 pelagi,
442 2887 500 2935 vino
515 2886 582 2950 super
592 2902 686 2952 aequota
696 2885 766 2947 fuso,

183 2963 215 3013 Et
230 2966 323 3029 pecoris
334 2960 413 3023 libris,
432 2966 457 3012 &
470 2962 539 3012 fumo
551 2958 709 3013 turis'adorat.

182 3032 268 3091 Donet
280 3039 422 3106 Carpathius
433 3040 513 3090 medio
529 3039 558 3090 de
569 3045 661 3107 gurgite
672 3056 755 3100 vates,

182 3116 300 3177 Racida,
317 3118 392 3180 dixit,
410 3119 519 3169 thalamis
536 3123 627 3184 potiere
643 3121 733 3185 petitis.
898 3145 946 3192 ²50

184 3194 225 3252 'tu
239 3194 330 3262 modo,
347 3196 403 3251 ctltn
413 3196 494 3265 gelido
505 3199 581 3263 sopita
591 3198 697 3265 quiescet
707 3198 732 3243 in
747 3208 831 3258 antro,

717 3273 737 3323 l.
758 3275 784 3327 it
