2334 4150
278 506 706 577 MarAuotrrrrosnou
727 510 765 577 L
783 512 814 579 1.
869 528 908 577 ιι

192 630 232 680 Est
246 644 329 680 tamen
340 632 440 679 humani
451 632 542 694 generis
553 632 643 694 jaliura
652 629 738 681 dolori

191 708 325 759 Omnibus:
337 711 363 756 bc
373 723 441 773 ,quae
451 710 482 757 sir
494 721 561 757 terra
572 708 716 757 mortalibus
727 710 793 759 orbae

192 786 280 835 Forma
300 785 397 845 futura,
413 800 512 849 rogant:
521 790 574 851 quis
585 789 616 835 sit
626 786 715 835 laturus
725 789 751 835 in
761 802 813 835 aras
893 844 897 851 ¹

147 852 151 859 ⁸
193 864 279 912 Turai
292 863 379 913 ferisne
392 879 457 928 paret
468 862 616 928 populandas
626 863 718 913 tradere
730 870 830 929 gentes?

194 940 262 990 Talia
276 940 427 1008 quaerentes(
440 944 483 991 sibi
493 945 558 990 enim
572 942 625 991 fore
636 943 804 1010 cetetacurae)
915 941 961 992 ²l0
1066 983 1068 986 .

99 1020 101 1027 ’
192 1020 242 1068 Rex
253 1019 370 1084 Supertlm
383 1018 589 1085 trepidaremus,
605 1021 760 1087 sobolemque
771 1024 847 1086 priori

188 1096 341 1147 Dissimilem
353 1098 443 1163 populo
455 1100 576 1162 promittit
586 1101 679 1163 origine
688 1099 758 1149 miri.

190 1175 294 1241 Jamque
308 1191 358 1227 erat
372 1179 399 1225 iu
418 1190 479 1229 totas
494 1177 612 1240 sparsurus
624 1176 729 1225 fulmina
740 1192 829 1236 terras,

189 1251 237 1301 Sed
255 1256 355 1312 timuit,
369 1268 401 1301 ne
411 1252 474 1301 forte
484 1254 547 1303 sacer
558 1268 596 1303 tot
604 1255 633 1303 ab
644 1255 738 1318 ignibus
746 1257 818 1305 aether

188 1329 338 1397 Conciperet
355 1328 478 1395 flammas,
494 1330 627 1397 longusque
637 1330 768 1382 ardesceret
778 1336 834 1383 axis.
908 1348 954 1393 255
1017 1350 1020 1355 ·

189 1407 243 1459 Eile
259 1424 358 1475 quoque
373 1410 400 1457 in
411 1408 466 1457 fatis
476 1412 651 1470 reminiscitur,
662 1409 746 1461 adfore
757 1427 864 1475 tempus,

189 1487 247 1548 Quo
257 1503 340 1545 mare,
355 1501 405 1552 quo
424 1485 508 1545 tellus,
524 1503 679 1553 correptaque
695 1492 759 1554 regia
769 1489 825 1541 coli

190 1564 299 1624 Ardeat3
312 1568 337 1614 δι
354 1562 440 1613 mundi
451 1564 527 1613 moles
537 1567 638 1629 operosa
649 1565 750 1615 laboret.

191 1642 251 1692 Tela
269 1656 434 1708 reponuntur,
447 1642 558 1691 manibus
569 1642 684 1691 fabricata
695 1641 833 1707 Cyclopum
845 1662 851 1693 r

186 1721 261 1771 Poena
274 1721 353 1786 placet
363 1718 472 1778 diversa3
481 1736 553 1785 genus
563 1721 666 1771 mortale
676 1722 719 1788 sub
730 1720 804 1784 undis,
909 1736 957 1777 260

187 1798 303 1859 Perdere,
317 1803 343 1849 bt
359 1815 387 1847 eat
397 1800 465 1849 omni
476 1800 571 1849 nimbos
582 1797 703 1850 dimittere
713 1801 787 1852 coelo.

188 1876 297 1927 Protinus
311 1876 399 1927 AEoliis
417 1876 561 1942 Aquilonem
572 1877 664 1927 claudit
674 1882 701 1927 in
715 1882 804 1941 antris,

188 1956 217 2005 Er
228 1971 389 2022 quecumque
402 1954 487 2019 fugant
501 1952 609 2005 indutias
621 1955 719 2007 flamina
731 1959 822 2007 nubes:

186 2035 331 2101 Emittitque
343 2032 436 2083 Notum
449 2050 455 2082 r
466 2031 568 2084 madidis
581 2034 660 2084 Notus
671 2034 751 2085 evolat
757 2035 819 2097 alis,

186 2113 329 2164 Terribilem
347 2112 415 2177 picei
427 2105 501 2162 tellus
515 2112 618 2176 caligine
627 2113 732 2162 tultum.
842 2179 846 2188 ¹
876 2130 882 2137 ·
908 2140 953 2191 265

185 2193 263 2242 Barba
277 2194 354 2256 gravis
368 2193 457 2240 nimbis
469 2207 477 2249 3
492 2194 558 2238 canis
569 2189 622 2240 fluit
640 2189 704 2239 unda
714 2190 824 2259 capillis:

185 2269 274 2322 fronte
290 2267 373 2318 sedent
389 2268 481 2316 nebula
490 2287 496 2316 ε
506 2283 588 2318 rotant
596 2285 727 2336 pennaeque
741 2273 860 2338 sinusque.

185 2347 267 2414 thue
281 2363 354 2396 manu
367 2346 416 2406 lari
426 2344 554 2411 pendentia
563 2347 646 2396 nubila
653 2352 754 2414 pressit,

185 2425 224 2475 Fit
234 2425 316 2490 fragor
328 2444 334 2472 t
350 2427 407 2474 hinc
419 2423 486 2474 densi
497 2423 630 2475 funduntur
639 2428 669 2474 ab
683 2429 770 2476 aethere
782 2430 869 2478 nimbi.

185 2501 280 2562 Nuntia
298 2504 414 2558 lunonis,
431 2507 509 2553 varios
525 2503 610 2567 induta
626 2505 734 2567 colores,
904 2523 962 2566 270.

184 2578 301 2645 Concipit
320 2581 365 2630 iris
377 2597 468 2646 aquas,
483 2582 644 2648 alimentaque
653 2587 756 2635 nubibus
766 2586 845 2638 affert.

183 2661 325 2709 Sternuntur
342 2661 429 2722 segetes
441 2692 450 2718 ,
462 2662 487 2708 δι
498 2658 622 2726 deplorata
632 2662 715 2712 coloni

183 2736 248 2786 Vota
259 2741 339 2801 jacent
351 2754 359 2794 i
378 2737 491 2803 longique
503 2738 571 2786 labor
581 2743 643 2802 petit
654 2743 733 2788 irritus
746 2744 813 2792 anni.

184 2813 235 2863 Nec
251 2814 317 2867 coelo
335 2830 447 2866 contenta
458 2818 501 2864 suo
515 2817 580 2865 lovis
591 2820 640 2866 ira:
649 2815 690 2866 sed
700 2817 771 2868 illum

183 2889 310 2960 Caeruleus
319 2892 391 2946 frater
402 2898 468 2960 juvat
482 2894 635 2945 auxiliaribus
648 2895 728 2948 undis.
904 2920 949 2968 275

182 2967 314 3023 Convocat
330 2973 369 3020 iric
382 2989 462 3030 amnes
470 2992 477 3022 ε
486 2977 528 3039 qui
539 2975 591 3038 post
601 2974 675 3040 quim
686 2979 746 3027 teila
759 2981 854 3043 tyranni

183 3045 306 3098 intravere
317 3051 352 3101 sui
363 3068 372 3109 ;
389 3050 447 3102 Non
459 3051 491 3102 eli
501 3054 636 3103 hortamine
647 3054 722 3119 longo

183 3123 273 3186 Nunc,
290 3129 341 3186 ait,
360 3127 476 3188 utendum
489 3147 495 3178 r
507 3133 567 3180 vires
578 3129 695 3182 effundite
707 3132 803 3184 vestras.

184 3204 222 3253 Sic
243 3221 304 3271 opus
319 3206 352 3257 eli
363 3210 472 3274 :aperite
482 3206 568 3260 domos
580 3226 641 3273 eae,
654 3211 719 3262 mole
730 3210 841 3273 remoti,

741 3291 763 3340 Α
776 3295 801 3356 vj
