2334 4150
247 467 804 587 MerAnonrnoeronL.V1.
825 535 891 599 139

170 639 247 690 Mota
257 636 357 705 quidem
368 636 402 684 est
411 637 526 700 genitrix,
542 633 690 700 infrallaque
704 632 812 682 constitit
820 634 854 680 ira
860 648 870 690 3

171 717 298 782 invitique
314 713 381 765 oculi
395 715 507 775 lacrymis
521 709 635 760 maduere
652 713 749 760 coaslis.

171 793 221 843 Sed
239 793 314 842 simul
332 793 447 842 exnimia
457 805 559 840 matrem
571 793 659 854 pietate
677 788 757 842 labare

173 873 270 931 Sensit,
285 871 316 920 ab
334 872 383 920 hoc
401 872 489 918 iterum
505 866 583 918 estad
599 867 679 916 vultus
689 868 755 916 versa
766 867 872 925 sotoris3
897 870 944 922 630

89 949 90 975 r
139 968 144 978 ¹
171 948 249 1014 1an
265 949 464 1012 vicemspesians
479 948 579 1004 ambos,
593 943 783 1001 Curadmovet,
798 947 899 1012 inquit,

172 1026 242 1075 Alter
261 1024 409 1076 blanditiae?
428 1023 496 1090 rapti
505 1024 561 1072 silet
570 1023 644 1073 altera
654 1023 754 1088 lingui?

173 1103 256 1163 Quam
265 1119 339 1154 vocat
351 1105 391 1152 hic
402 1117 519 1162 matrem,
530 1117 572 1152 eur
579 1119 629 1151 non
640 1116 711 1152 vocat
719 1101 762 1151 illa
770 1104 894 1171 snrotem?

173 1179 224 1231 Cui
244 1184 276 1230 sis
286 1196 362 1246 nupta
375 1179 451 1240 vide,
470 1177 592 1230 Pandione
603 1195 675 1241 nata,
687 1184 784 1232 marito·
936 1179 939 1186 ’

173 1258 310 1324 Degeneras
321 1279 328 1308 z
341 1259 416 1309 scelus
435 1257 469 1308 est
480 1261 555 1322 pietas
563 1262 589 1309 in
601 1262 703 1323 conjuge
714 1259 802 1308 Tereo.
895 1271 940 1324 εὶς

173 1336 227 1387 Nee
244 1355 313 1387 mora
324 1357 331 1386 e
344 1341 415 1387 traxit
427 1338 482 1401 Ityn
492 1354 501 1394 3
511 1336 587 1388 veluti
598 1337 730 1401 Gangetica
740 1352 816 1388 cervae

174 1415 313 1467 Lassentem
329 1416 407 1466 fetum
423 1431 464 1480 per
474 1415 544 1464 silvas
554 1416 621 1478 tigris
633 1429 728 1479 opacas.

173 1491 257 1558 thue
274 1491 361 1544 domis
372 1493 426 1542 altae
443 1507 535 1557 partem
546 1508 642 1542 tenuere
656 1507 795 1550 remoram,

174 1568 374 1636 Tendentemque
387 1587 489 1630 manus,
502 1573 528 1618 δι
540 1574 590 1635 jam
601 1569 641 1618 sua
652 1568 702 1618 iata
711 1567 848 1627 videntem,

173 1649 236 1708 Eia,
251 1653 277 1700 δι
295 1654 344 1712 jam
355 1683 364 1709 ,
377 1649 474 1707 Mater,
485 1647 649 1706 clamantem,
660 1651 686 1696 δι
697 1637 762 1696 e'olla
772 1661 890 1711 petentem
896 1659 942 1712 σῃ

172 1727 235 1777 Ense
250 1727 307 1776 serit
316 1727 422 1786 Procne,
436 1725 505 1774 lateri
515 1723 563 1790 qui
574 1727 654 1790 pesius
673 1722 793 1781 adheret,

172 1805 226 1856 Nec
243 1804 341 1856 vultum
353 1806 449 1854 avertit.
461 1805 522 1852 Satis
535 1802 573 1850 illi
587 1801 618 1851 ad
629 1801 726 1852 faravel
738 1817 813 1850 unum

172 1883 268 1932 Vulnus
283 1897 333 1932 erat
344 1901 351 1931 e
366 1881 478 1948 jugulum
488 1880 552 1931 ferro
563 1879 699 1930 Philomela
709 1879 817 1946 rpsolvin

172 1960 283 2026 Vivaque
290 1958 385 2020 adhuc,
397 1960 530 2027 animeque
537 1957 630 2024 aliquid
635 1959 776 2020 retinentia,
785 1957 893 2010 membra

171 2037 300 2101 Dilanianr
310 2056 317 2087 a
329 2053 382 2103 pars
395 2035 451 2087 inde
461 2038 524 2087 cavis
542 2035 644 2087 exssrltat
654 2039 717 2089 a'e'nir
730 2069 740 2096 ,
895 2037 938 2091 ⁶45

171 2117 228 2167 Pars
248 2118 351 2167 verubus
361 2114 443 2167 stridet
454 2134 461 2164 ε
474 2129 573 2165 manant
588 2115 717 2179 penetralia
732 2115 798 2164 tabo.

171 2196 217 2248 His
229 2194 330 2248 adhibet
346 2198 435 2260 conjux
450 2193 654 2259 ignarum-Terea
671 2194 773 2249 menslei

171 2274 204 2323 Et
218 2276 290 2339 patrii
301 2276 375 2323 moris
393 2274 487 2323 sacrum
502 2274 621 2325 mentita,
637 2266 705 2335 quod
721 2271 762 2317 uni

171 2353 216 2402 Fas
235 2355 268 2401 sit
277 2350 342 2401 adire
357 2353 428 2409 viro,
447 2351 548 2403 comites
558 2346 710 2413 famulosque
721 2347 833 2399 removit.

172 2427 232 2479 lnde
244 2464 253 2489 ,
268 2427 350 2478 sedens
360 2428 422 2478 solio
434 2429 523 2478 Tereus
533 2426 641 2476 sublimis
652 2427 735 2485 avito,
892 2440 940 2491 650

169 2509 301 2567 Vescitur,
318 2510 391 2576 inque
406 2509 473 2557 suam
489 2508 531 2555 sua
539 2507 630 2557 viscera
646 2507 755 2569 congerit
765 2503 855 2553 alvum.

172 2588 299 2653 Tantaque
310 2602 359 2636 nox
368 2587 444 2640 animi
458 2584 508 2637 est!
521 2585 575 2646 Ityn
587 2585 634 2635 huc
646 2585 770 2641 arcessite,
786 2580 856 2631 dixit.

171 2665 330 2715 Dissimulare
339 2666 424 2735 nequit
434 2660 541 2715 crudelia
556 2658 643 2726 gaudia
651 2660 741 2711 Procne
751 2676 760 2715 ·,

171 2744 273 2810 Jamque
283 2745 330 2792 sne
340 2745 437 2809 cupiens
452 2740 557 2791 exsistere
571 2740 659 2787 nuncia
671 2734 744 2785 cladis
757 2753 765 2794 l
804 2690 832 2808 N

172 2821 239 2872 Intus
256 2821 343 2879 habes,
357 2818 425 2886 quod
440 2820 517 2884 poscis
528 2853 536 2876 ,
547 2819 589 2865 air.
603 2814 773 2878 Circumspicit
786 2812 845 2873 ille,
891 2822 934 2875 655

172 2903 250 2965 Atque
260 2899 343 2949 ubisit
353 2932 361 2957 ,
377 2900 471 2963 querit.
478 2895 481 2926 ἕ
488 2896 619 2956 Ωιιεπιιιὶ,
635 2896 770 2959 iterumque
781 2896 887 2956 vocanti,

172 2980 238 3025 Sicut
255 2991 323 3034 erar,
339 2977 421 3041 sparsis
437 2972 517 3023 furiali
535 2970 599 3021 cade
610 2972 719 3039 capillis,

172 3054 278 3104 Prosiliit
289 3091 298 3115 ,
309 3055 423 3119 Ityosque
436 3067 507 3118 caput
524 3051 660 3102 Philomela
673 3066 799 3101 cruentum

124 3139 127 3146 '
171 3134 241 3185 Misit
251 3137 278 3182 in
289 3149 332 3182 ora
347 3135 435 3198 pattise
445 3148 489 3181 nec
500 3146 607 3195 tempore
618 3130 704 3177 maluit
714 3129 766 3178 ullo
872 3163 873 3167 ,

171 3210 240 3271 Polie
256 3212 343 3285 loqui,
360 3212 486 3264 &meritis
499 3204 760 3280 testarigaudiadidlir.
889 3212 938 3255 σεο
