2334 4150
263 543 693 610 MrrAuonnrrosrou
704 537 743 607 L.
758 539 821 606 IX.
847 554 910 608 ιιι

197 645 265 708 Quid
281 649 352 698 liceat
363 683 372 709 ‚
388 650 505 698 nescimus
515 645 593 698 adhuc
602 651 646 697 t&
657 648 740 697 cunda
751 646 823 697 licere

196 721 327 774 Credimus
339 742 345 772 t
358 726 382 773 δι
394 725 514 790 sequimur
528 738 672 788 magnorum
683 721 791 786 exempla
799 721 917 771 Deorum.

196 798 251 852 Nee
263 818 307 850 nos
317 816 358 852 aut
376 799 447 852 durus
457 816 540 866 pater,
552 817 593 850 aut
601 803 733 852 reverentia
744 799 813 848 fame
826 834 835 858 ,
847 799 852 802 ’
917 808 962 858 555

195 876 247 927 Aut
259 877 482 944 timoritnpediene:
496 893 591 928 tantum
600 880 661 928 absit
670 879 740 927 eausa
747 875 859 927 timendi.

196 951 287 1003 Dulcia
297 954 402 1004 fraterno
412 957 456 1004 sub
466 958 564 1004 nomine
575 955 639 1004 furta
646 969 761 1020 tegemus.

195 1031 238 1080 Est
247 1035 308 1081 mihi
319 1033 414 1083 libertas
426 1047 505 1083 teeum
516 1035 605 1083 secreta
615 1031 731 1099 loquendi
742 1051 751 1080 t

195 1107 229 1158 Et
250 1109 333 1160 damus
344 1111 465 1176 amplexus
475 1144 483 1166 .
495 1115 519 1161 ὁ(
530 1114 652 1178 jungimus
665 1111 747 1160 oscula
758 1125 850 1160 coram

197 1185 324 1245 Quantum
341 1188 387 1244 est,
398 1187 465 1254 quod
475 1188 548 1239 desit!
562 1190 672 1239 miserere
683 1189 779 1239 fatentis
789 1203 897 1238 amorem
905 1186 965 1246 ‚5⁴0

195 1263 229 1311 Et
238 1281 289 1314 non
299 1262 409 1328 saisireu,
420 1270 465 1316 nisi
475 1283 570 1332 cogerer
579 1267 677 1316 ulrunur
687 1265 758 1317 ardor
770 1285 777 1318 e

195 1339 266 1393 Neve
279 1361 389 1406 merere,
404 1363 459 1396 meo
469 1347 582 1394 subscribi
596 1346 665 1394 causa
675 1345 793 1410 sepulcro.

230 1420 300 1470 Talia
315 1425 474 1488 nequicquam
487 1437 635 1487 perarantem
647 1422 719 1488 plena
735 1423 834 1487 reliquit

195 1495 260 1546 Cera
273 1515 370 1550 manum
380 1518 386 1546 t
396 1501 549 1567 summusque
560 1503 585 1550 iu
597 1503 704 1565 margine
715 1501 797 1552 versus
805 1498 912 1550 adhesit.

195 1573 308 1624 Protinus
325 1577 438 1642 impressi
450 1580 527 1642 signat
538 1579 578 1628 sue
590 1580 692 1627 crimina
702 1576 816 1642 gemmei,
853 1598 858 1615 ¹
917 1582 960 1632 5⁴5

195 1651 277 1712 Quam
288 1657 358 1704 tinxit
368 1647 494 1718 lacrymis:
505 1654 612 1720 linguam
622 1654 742 1705 deiecerat
752 1659 850 1705 humor.

194 1728 281 1796 Deque
292 1733 338 1780 suis
356 1749 431 1787 unum
442 1732 539 1782 farnulir
549 1731 691 1798 pudibunda
700 1735 814 1784 vocavite

194 1806 228 1856 Et
238 1807 353 1872 pavidum
363 1808 489 1870 blandire,
504 1811 548 1859 Fer
559 1812 619 1871 hae,
631 1808 745 1860 fidissime
757 1845 766 1872 ‚
780 1811 882 1874 nostro,

193 1884 285 1946 Dixit,
297 1890 322 1936 dt
334 1886 421 1954 adjecit
432 1888 484 1953 post
497 1889 572 1954 longo
586 1905 710 1954 tempore,
728 1889 805 1940 fratri.

194 1962 263 2014 cum
277 1963 361 2024 daret,
376 1965 458 2030 elapsa
469 1967 578 2016 manibus
589 1965 695 2018 cecidere
708 1966 811 2023 rebelle.
915 1965 964 2010 57³

193 2043 284 2093 Omine
303 2044 396 2093 turbata
406 2043 438 2095 est
449 2062 455 2095 ι
467 2045 534 2095 misit
545 2057 634 2097 temen.
650 2043 712 2110 Apta
721 2042 827 2096 minister

194 2114 318 2188 Tempora
332 2126 432 2183 narius,
448 2121 519 2182 adit,
539 2121 659 2190 traditque
671 2120 857 2172 laeendeverba.

193 2200 319 2251 Attonitus
330 2200 407 2249 subiti
418 2204 509 2265 juvenis
520 2197 666 2251 Maeandrius
676 2199 726 2255 iri,

193 2277 296 2343 Projicit
312 2293 435 2344 acceptas,
447 2276 507 2327 lene
518 2280 562 2327 sibi
572 2294 654 2344 patre,
667 2276 779 2327 tabeliast

192 2356 290 2423 Vixque
302 2372 385 2406 manus
394 2359 496 2407 retinens
507 2354 646 2422 trepidantis
657 2357 686 2407 ab
697 2372 739 2405 ore
755 2354 871 2415 ministri,
916 2350 960 2399 575

192 2434 263 2485 Dum
283 2434 356 2495 licet,
372 2434 407 2484 di
424 2438 503 2487 veritae
517 2434 628 2485 scelerare
639 2432 746 2487 libidinis
758 2435 855 2495 auctor,

154 2536 156 2539 ·
193 2511 299 2579 Effuge,
311 2515 344 2561 ait
355 2531 362 2561 ι
374 2515 429 2579 qui,
448 2515 467 2563 ei
478 2512 587 2562 nostrum
597 2528 638 2561 tua
648 2513 698 2561 fata
707 2510 824 2576 pudorem

195 2590 254 2641 Non
265 2592 384 2641 traherent
393 2593 490 2650 secum,
509 2606 590 2657 prenae
601 2592 660 2639 mihi
669 2604 746 2639 morte
755 2584 864 2637 dedisses.

193 2669 237 2719 lile
249 2669 311 2735 fugit
329 2668 427 2734 pavidus
436 2687 442 2717 t
451 2668 604 2733 dominaeque
614 2667 704 2717 ferocia
713 2666 793 2717 Cauni

194 2746 265 2799 Diua
278 2748 448 2798 refert.'Paiies
457 2744 553 2805 auditi,
565 2745 636 2809 Bybli
645 2780 653 2804 ,
662 2744 774 2810 repulsit
914 2728 960 2791 5⁸0

193 2825 226 2875 Et
245 2842 314 2891 pavet
325 2822 444 2877 obseffum
455 2824 550 2891 glaciali
558 2823 646 2889 frigore
658 2825 746 2887 pestus.

195 2904 265 2953 Meus
280 2919 359 2953 tamen
370 2919 399 2953 ut
411 2901 499 2963 rediit,
510 2904 598 2966 pariter
607 2898 698 2951 rediere
707 2899 812 2949 furores:

195 2982 334 3053 Linguaque
352 2984 393 3033 vix
407 2981 464 3033 tales
480 2982 526 3029 ido
537 2977 604 3035 dedit
614 2984 666 3029 edre
677 2993 757 3029 vocer.

194 3059 227 3109 Et
243 3058 346 3110 metit&
356 3058 415 3125 quid
426 3061 490 3107 enim
505 3060 628 3108 temeraria
635 3056 739 3108 vulneris
750 3058 819 3121 hujus

194 3135 314 3187 inditium
330 3137 392 3187 feei?
404 3133 463 3202 quid
475 3170 483 3195 ,
495 3152 547 3202 que
558 3135 657 3186 celanda
670 3135 784 3192 fuerunt,
912 3129 956 3196 585

195 3212 258 3271 Tun
277 3214 327 3270 cite
339 3217 449 3271 commisi
459 3216 589 3286 properatis
599 3216 670 3270 verba
683 3211 795 3268 tabellis}
