<?xml version="1.0" encoding="UTF-8"?>
<!DOCTYPE html PUBLIC "-//W3C//DTD XHTML 1.0 Transitional//EN"
    "http://www.w3.org/TR/xhtml1/DTD/xhtml1-transitional.dtd">
<html xmlns="http://www.w3.org/1999/xhtml" xml:lang="en" lang="en">
 <head>
  <title>
</title>
<meta http-equiv="Content-Type" content="text/html;charset=utf-8" />
  <meta name='ocr-system' content='tesseract 3.04.00' />
  <meta name='ocr-capabilities' content='ocr_page ocr_carea ocr_par ocr_line ocrx_word'/>
</head>
<body>
  <div class='ocr_page' id='page_1' title='image "./povidiinasoniso04ovidgoog_0145.png"; bbox 0 0 2334 4150; ppageno 0'>
   <div class='ocr_carea' id='block_1_1' title="bbox 278 545 931 634">
    <p class='ocr_par' dir='ltr' id='par_1_1' title="bbox 278 545 931 634">
     <span class='ocr_line' id='line_1_1' title="bbox 278 545 931 634; baseline -0.005 -15"><span class='ocrx_word' id='word_1_1' title='bbox 278 552 702 620; x_wconf 74' lang='lat' dir='ltr'>MsrArronrrrosnon</span> <span class='ocrx_word' id='word_1_2' title='bbox 718 545 756 614; x_wconf 86' lang='lat' dir='ltr'><strong><em>L</em></strong></span> <span class='ocrx_word' id='word_1_3' title='bbox 778 547 841 616; x_wconf 84' lang='lat' dir='ltr'>VI.</span> <span class='ocrx_word' id='word_1_4' title='bbox 867 569 931 634; x_wconf 73' lang='grc' dir='ltr'>ης</span> 
     </span>
    </p>
   </div>
   <div class='ocr_carea' id='block_1_2' title="bbox 213 671 988 3312">
    <p class='ocr_par' dir='ltr' id='par_1_2' title="bbox 217 671 983 970">
     <span class='ocr_line' id='line_1_2' title="bbox 217 671 814 736; baseline -0.01 -14"><span class='ocrx_word' id='word_1_5' title='bbox 217 672 323 722; x_wconf 75' lang='lat' dir='ltr'>Barbara</span> <span class='ocrx_word' id='word_1_6' title='bbox 336 671 477 736; x_wconf 83' lang='lat' dir='ltr'><strong>Mopsopios</strong></span> <span class='ocrx_word' id='word_1_7' title='bbox 489 671 608 720; x_wconf 85' lang='lat' dir='ltr'>terrebant</span> <span class='ocrx_word' id='word_1_8' title='bbox 618 671 713 734; x_wconf 79' lang='lat' dir='ltr'>agmina</span> <span class='ocrx_word' id='word_1_9' title='bbox 723 683 814 717; x_wconf 84' lang='lat' dir='ltr'>muros.</span> 
     </span>
     <span class='ocr_line' id='line_1_3' title="bbox 218 748 814 811; baseline -0.008 -12"><span class='ocrx_word' id='word_1_10' title='bbox 218 751 347 800; x_wconf 85' lang='lat' dir='ltr'>Threicius</span> <span class='ocrx_word' id='word_1_11' title='bbox 357 751 444 798; x_wconf 89' lang='lat' dir='ltr'>Tereus</span> <span class='ocrx_word' id='word_1_12' title='bbox 459 751 509 798; x_wconf 78' lang='lat' dir='ltr'>haec</span> <span class='ocrx_word' id='word_1_13' title='bbox 519 748 670 796; x_wconf 78' lang='lat' dir='ltr'>auxiliaribus</span> <span class='ocrx_word' id='word_1_14' title='bbox 679 749 750 795; x_wconf 81' lang='lat' dir='ltr'>armis</span> <span class='ocrx_word' id='word_1_15' title='bbox 807 799 814 811; x_wconf 32' lang='grc' dir='ltr'>ι</span> 
     </span>
     <span class='ocr_line' id='line_1_4' title="bbox 218 823 983 896; baseline 0 -20"><span class='ocrx_word' id='word_1_16' title='bbox 218 826 340 886; x_wconf 60' lang='lat' dir='ltr'>fuderam</span> <span class='ocrx_word' id='word_1_17' title='bbox 357 831 382 876; x_wconf 70' lang='grc' dir='ltr'>δι</span> <span class='ocrx_word' id='word_1_18' title='bbox 397 827 488 877; x_wconf 75' lang='lat' dir='ltr'>elerum</span> <span class='ocrx_word' id='word_1_19' title='bbox 499 823 617 876; x_wconf 84' lang='lat' dir='ltr'>vincendo</span> <span class='ocrx_word' id='word_1_20' title='bbox 628 841 717 874; x_wconf 82' lang='lat' dir='ltr'>nomen</span> <span class='ocrx_word' id='word_1_21' title='bbox 727 824 839 873; x_wconf 83' lang='lat' dir='ltr'>habebas.</span> <span class='ocrx_word' id='word_1_22' title='bbox 938 846 983 896; x_wconf 75' lang='lat'>⁴25</span> 
     </span>
     <span class='ocr_line' id='line_1_5' title="bbox 218 903 872 970; baseline -0.008 -16"><span class='ocrx_word' id='word_1_23' title='bbox 218 906 300 965; x_wconf 86' lang='lat' dir='ltr'>Quem</span> <span class='ocrx_word' id='word_1_24' title='bbox 312 906 357 956; x_wconf 83' lang='lat' dir='ltr'>sibi</span> <span class='ocrx_word' id='word_1_25' title='bbox 367 903 476 956; x_wconf 78' lang='lat' dir='ltr'><strong>Pandion</strong></span> <span class='ocrx_word' id='word_1_26' title='bbox 487 904 726 970; x_wconf 82' lang='lat' dir='ltr'>opibusquevirisque</span> <span class='ocrx_word' id='word_1_27' title='bbox 732 915 856 966; x_wconf 85' lang='lat' dir='ltr'>potentem</span> <span class='ocrx_word' id='word_1_28' title='bbox 862 933 872 961; x_wconf 90' lang='lat'><em>,</em></span> 
     </span>
    </p>

    <p class='ocr_par' dir='ltr' id='par_1_3' title="bbox 215 978 988 1438">
     <span class='ocr_line' id='line_1_6' title="bbox 218 978 810 1050; baseline -0.005 -19"><span class='ocrx_word' id='word_1_29' title='bbox 218 983 251 1032; x_wconf 83' lang='lat' dir='ltr'>Ee</span> <span class='ocrx_word' id='word_1_30' title='bbox 268 999 341 1048; x_wconf 81' lang='lat' dir='ltr'>genus</span> <span class='ocrx_word' id='word_1_31' title='bbox 354 1001 367 1032; x_wconf 86' lang='lat' dir='ltr'>a</span> <span class='ocrx_word' id='word_1_32' title='bbox 379 999 469 1050; x_wconf 80' lang='lat' dir='ltr'>magno</span> <span class='ocrx_word' id='word_1_33' title='bbox 477 979 605 1032; x_wconf 83' lang='lat' dir='ltr'>ducentem</span> <span class='ocrx_word' id='word_1_34' title='bbox 617 979 678 1032; x_wconf 84' lang='lat' dir='ltr'>forre</span> <span class='ocrx_word' id='word_1_35' title='bbox 689 978 810 1034; x_wconf 86' lang='lat' dir='ltr'>Gradivo,</span> 
     </span>
     <span class='ocr_line' id='line_1_7' title="bbox 219 1057 865 1123; baseline -0.009 -11"><span class='ocrx_word' id='word_1_36' title='bbox 219 1061 353 1112; x_wconf 87' lang='lat' dir='ltr'>Connubio</span> <span class='ocrx_word' id='word_1_37' title='bbox 371 1062 473 1110; x_wconf 85' lang='lat' dir='ltr'>Procnes</span> <span class='ocrx_word' id='word_1_38' title='bbox 490 1062 576 1123; x_wconf 82' lang='lat' dir='ltr'>junxit.</span> <span class='ocrx_word' id='word_1_39' title='bbox 592 1058 650 1110; x_wconf 86' lang='lat' dir='ltr'>Non</span> <span class='ocrx_word' id='word_1_40' title='bbox 663 1059 769 1122; x_wconf 87' lang='lat' dir='ltr'>pronuba</span> <span class='ocrx_word' id='word_1_41' title='bbox 784 1057 865 1112; x_wconf 78' lang='lat' dir='ltr'>June.</span> 
     </span>
     <span class='ocr_line' id='line_1_8' title="bbox 215 1135 824 1200; baseline -0.007 -12"><span class='ocrx_word' id='word_1_42' title='bbox 215 1138 275 1188; x_wconf 87' lang='lat' dir='ltr'>Nou</span> <span class='ocrx_word' id='word_1_43' title='bbox 288 1138 432 1200; x_wconf 79' lang='lat' dir='ltr'>Hymenaeus</span> <span class='ocrx_word' id='word_1_44' title='bbox 450 1135 530 1195; x_wconf 82' lang='lat' dir='ltr'>adest,</span> <span class='ocrx_word' id='word_1_45' title='bbox 542 1153 592 1186; x_wconf 90' lang='lat' dir='ltr'>non</span> <span class='ocrx_word' id='word_1_46' title='bbox 608 1136 646 1188; x_wconf 88' lang='lat' dir='ltr'>illi</span> <span class='ocrx_word' id='word_1_47' title='bbox 657 1137 739 1188; x_wconf 78' lang='lat' dir='ltr'>Gratia</span> <span class='ocrx_word' id='word_1_48' title='bbox 754 1135 824 1184; x_wconf 66' lang='lat' dir='ltr'>lecto.</span> 
     </span>
     <span class='ocr_line' id='line_1_9' title="bbox 218 1212 988 1281; baseline -0.01 -15"><span class='ocrx_word' id='word_1_49' title='bbox 218 1214 364 1267; x_wconf 81' lang='lat' dir='ltr'>Eumenides</span> <span class='ocrx_word' id='word_1_50' title='bbox 375 1231 470 1264; x_wconf 87' lang='lat' dir='ltr'>tenuere</span> <span class='ocrx_word' id='word_1_51' title='bbox 483 1214 545 1267; x_wconf 87' lang='lat' dir='ltr'>faces</span> <span class='ocrx_word' id='word_1_52' title='bbox 558 1212 679 1266; x_wconf 79' lang='lat' dir='ltr'>defuncte</span> <span class='ocrx_word' id='word_1_53' title='bbox 693 1231 785 1280; x_wconf 83' lang='lat' dir='ltr'>raptas:</span> <span class='ocrx_word' id='word_1_54' title='bbox 936 1235 988 1281; x_wconf 67' lang='lat'>430</span> 
     </span>
     <span class='ocr_line' id='line_1_10' title="bbox 218 1291 845 1359; baseline 0 -17"><span class='ocrx_word' id='word_1_55' title='bbox 218 1292 363 1343; x_wconf 82' lang='lat' dir='ltr'>Eumenides</span> <span class='ocrx_word' id='word_1_56' title='bbox 383 1295 481 1344; x_wconf 84' lang='lat' dir='ltr'>stravere</span> <span class='ocrx_word' id='word_1_57' title='bbox 499 1307 578 1344; x_wconf 89' lang='lat' dir='ltr'>torum</span> <span class='ocrx_word' id='word_1_58' title='bbox 589 1312 595 1341; x_wconf 81' lang='lat' dir='ltr'>r</span> <span class='ocrx_word' id='word_1_59' title='bbox 607 1296 715 1359; x_wconf 69' lang='lat' dir='ltr'>tedioque</span> <span class='ocrx_word' id='word_1_60' title='bbox 732 1291 845 1358; x_wconf 85' lang='lat' dir='ltr'>profanus</span> 
     </span>
     <span class='ocr_line' id='line_1_11' title="bbox 218 1370 830 1438; baseline 0.002 -18"><span class='ocrx_word' id='word_1_61' title='bbox 218 1371 331 1420; x_wconf 77' lang='lat' dir='ltr'>incubuit</span> <span class='ocrx_word' id='word_1_62' title='bbox 348 1373 432 1431; x_wconf 91' lang='lat' dir='ltr'>bubo,</span> <span class='ocrx_word' id='word_1_63' title='bbox 449 1372 596 1438; x_wconf 71' lang='lat' dir='ltr'>thalamique</span> <span class='ocrx_word' id='word_1_64' title='bbox 610 1375 636 1421; x_wconf 88' lang='lat' dir='ltr'>in</span> <span class='ocrx_word' id='word_1_65' title='bbox 646 1372 750 1422; x_wconf 87' lang='lat' dir='ltr'>crrlmine</span> <span class='ocrx_word' id='word_1_66' title='bbox 761 1370 830 1422; x_wconf 87' lang='lat' dir='ltr'>sedit.</span> 
     </span>
    </p>

    <p class='ocr_par' dir='ltr' id='par_1_4' title="bbox 216 1449 876 1984">
     <span class='ocr_line' id='line_1_12' title="bbox 218 1449 876 1516; baseline 0 -18"><span class='ocrx_word' id='word_1_67' title='bbox 218 1449 271 1500; x_wconf 81' lang='lat' dir='ltr'>Hac</span> <span class='ocrx_word' id='word_1_68' title='bbox 285 1465 328 1499; x_wconf 84' lang='lat' dir='ltr'>are</span> <span class='ocrx_word' id='word_1_69' title='bbox 346 1451 400 1501; x_wconf 81' lang='lat' dir='ltr'>funt</span> <span class='ocrx_word' id='word_1_70' title='bbox 409 1452 482 1514; x_wconf 70' lang='lat' dir='ltr'>juniii</span> <span class='ocrx_word' id='word_1_71' title='bbox 493 1451 584 1500; x_wconf 84' lang='lat' dir='ltr'>Procne</span> <span class='ocrx_word' id='word_1_72' title='bbox 599 1451 751 1516; x_wconf 75' lang='lat' dir='ltr'>Tereusque3</span> <span class='ocrx_word' id='word_1_73' title='bbox 770 1451 876 1514; x_wconf 69' lang='lat' dir='ltr'>pirenses</span> 
     </span>
     <span class='ocr_line' id='line_1_13' title="bbox 218 1525 798 1591; baseline 0.003 -17"><span class='ocrx_word' id='word_1_74' title='bbox 218 1525 271 1575; x_wconf 86' lang='lat' dir='ltr'>Hac</span> <span class='ocrx_word' id='word_1_75' title='bbox 289 1544 331 1575; x_wconf 80' lang='lat' dir='ltr'>ave</span> <span class='ocrx_word' id='word_1_76' title='bbox 345 1529 399 1577; x_wconf 87' lang='lat' dir='ltr'>suut</span> <span class='ocrx_word' id='word_1_77' title='bbox 410 1527 482 1579; x_wconf 79' lang='lat' dir='ltr'>fatu:</span> <span class='ocrx_word' id='word_1_78' title='bbox 496 1541 588 1591; x_wconf 75' lang='lat' dir='ltr'>gratata</span> <span class='ocrx_word' id='word_1_79' title='bbox 598 1529 630 1576; x_wconf 89' lang='lat' dir='ltr'>est</span> <span class='ocrx_word' id='word_1_80' title='bbox 645 1527 736 1578; x_wconf 85' lang='lat' dir='ltr'>scilicet</span> <span class='ocrx_word' id='word_1_81' title='bbox 746 1529 798 1576; x_wconf 84' lang='lat' dir='ltr'>illis</span> 
     </span>
     <span class='ocr_line' id='line_1_14' title="bbox 218 1603 814 1671; baseline -0.003 -17"><span class='ocrx_word' id='word_1_82' title='bbox 218 1605 334 1656; x_wconf 84' lang='lat' dir='ltr'>Thracia:</span> <span class='ocrx_word' id='word_1_83' title='bbox 344 1604 490 1671; x_wconf 81' lang='lat' dir='ltr'>Dlsqueipsi</span> <span class='ocrx_word' id='word_1_84' title='bbox 502 1620 579 1670; x_wconf 74' lang='lat' dir='ltr'>grates</span> <span class='ocrx_word' id='word_1_85' title='bbox 591 1621 657 1670; x_wconf 73' lang='lat' dir='ltr'>egere</span> <span class='ocrx_word' id='word_1_86' title='bbox 668 1624 675 1654; x_wconf 73' lang='lat' dir='ltr'>a</span> <span class='ocrx_word' id='word_1_87' title='bbox 685 1603 814 1670; x_wconf 75' lang='lat' dir='ltr'>diemque,</span> 
     </span>
     <span class='ocr_line' id='line_1_15' title="bbox 218 1681 852 1747; baseline 0.002 -18"><span class='ocrx_word' id='word_1_88' title='bbox 218 1682 321 1747; x_wconf 78' lang='lat' dir='ltr'>Quique</span> <span class='ocrx_word' id='word_1_89' title='bbox 343 1681 397 1731; x_wconf 88' lang='lat' dir='ltr'>data</span> <span class='ocrx_word' id='word_1_90' title='bbox 411 1684 444 1731; x_wconf 88' lang='lat' dir='ltr'>est</span> <span class='ocrx_word' id='word_1_91' title='bbox 459 1683 524 1733; x_wconf 86' lang='lat' dir='ltr'>claro</span> <span class='ocrx_word' id='word_1_92' title='bbox 537 1681 658 1734; x_wconf 83' lang='lat' dir='ltr'>Pandione</span> <span class='ocrx_word' id='word_1_93' title='bbox 669 1696 725 1732; x_wconf 85' lang='lat' dir='ltr'>nata</span> <span class='ocrx_word' id='word_1_94' title='bbox 736 1698 852 1745; x_wconf 86' lang='lat' dir='ltr'>tyranno,</span> 
     </span>
     <span class='ocr_line' id='line_1_16' title="bbox 217 1759 856 1828; baseline 0.006 -22"><span class='ocrx_word' id='word_1_95' title='bbox 217 1759 321 1826; x_wconf 76' lang='lat' dir='ltr'>Quique</span> <span class='ocrx_word' id='word_1_96' title='bbox 339 1777 389 1810; x_wconf 87' lang='lat' dir='ltr'>erat</span> <span class='ocrx_word' id='word_1_97' title='bbox 402 1777 469 1812; x_wconf 78' lang='lat' dir='ltr'>ortus</span> <span class='ocrx_word' id='word_1_98' title='bbox 480 1761 529 1822; x_wconf 87' lang='lat' dir='ltr'>ltys</span> <span class='ocrx_word' id='word_1_99' title='bbox 541 1796 550 1819; x_wconf 93' lang='lat'>,</span> <span class='ocrx_word' id='word_1_100' title='bbox 564 1761 646 1811; x_wconf 87' lang='lat' dir='ltr'>festam</span> <span class='ocrx_word' id='word_1_101' title='bbox 656 1759 740 1828; x_wconf 71' lang='lat' dir='ltr'>jussere</span> <span class='ocrx_word' id='word_1_102' title='bbox 759 1764 856 1810; x_wconf 77' lang='lat' dir='ltr'>vocari:</span> 
     </span>
     <span class='ocr_line' id='line_1_17' title="bbox 216 1835 855 1904; baseline 0.003 -18"><span class='ocrx_word' id='word_1_103' title='bbox 216 1837 300 1902; x_wconf 86' lang='lat' dir='ltr'>Usque</span> <span class='ocrx_word' id='word_1_104' title='bbox 315 1835 376 1888; x_wconf 87' lang='lat' dir='ltr'>adeo</span> <span class='ocrx_word' id='word_1_105' title='bbox 394 1839 453 1890; x_wconf 87' lang='lat' dir='ltr'>latet</span> <span class='ocrx_word' id='word_1_106' title='bbox 467 1839 575 1892; x_wconf 77' lang='lat' dir='ltr'>utilitas!</span> <span class='ocrx_word' id='word_1_107' title='bbox 594 1841 648 1890; x_wconf 81' lang='lat' dir='ltr'>Jatn</span> <span class='ocrx_word' id='word_1_108' title='bbox 659 1856 767 1904; x_wconf 82' lang='lat' dir='ltr'>tempora</span> <span class='ocrx_word' id='word_1_109' title='bbox 780 1839 855 1888; x_wconf 82' lang='lat' dir='ltr'>Titan</span> 
     </span>
     <span class='ocr_line' id='line_1_18' title="bbox 217 1915 827 1984; baseline 0.005 -21"><span class='ocrx_word' id='word_1_110' title='bbox 217 1916 332 1981; x_wconf 85' lang='lat' dir='ltr'>Quinque</span> <span class='ocrx_word' id='word_1_111' title='bbox 345 1933 387 1980; x_wconf 85' lang='lat' dir='ltr'>per</span> <span class='ocrx_word' id='word_1_112' title='bbox 401 1932 530 1967; x_wconf 80' lang='lat' dir='ltr'>autumnos</span> <span class='ocrx_word' id='word_1_113' title='bbox 538 1921 632 1984; x_wconf 74' lang='lat' dir='ltr'>repetiti</span> <span class='ocrx_word' id='word_1_114' title='bbox 642 1915 742 1968; x_wconf 81' lang='lat' dir='ltr'>duxerat</span> <span class='ocrx_word' id='word_1_115' title='bbox 751 1919 807 1966; x_wconf 84' lang='lat' dir='ltr'>anui</span> <span class='ocrx_word' id='word_1_116' title='bbox 817 1935 827 1966; x_wconf 72' lang='lat' dir='ltr'>a</span> 
     </span>
    </p>

    <p class='ocr_par' dir='ltr' id='par_1_5' title="bbox 217 1992 820 2062">
     <span class='ocr_line' id='line_1_19' title="bbox 217 1992 820 2062; baseline 0 -18"><span class='ocrx_word' id='word_1_117' title='bbox 217 1994 284 2044; x_wconf 74' lang='lat' dir='ltr'>cum</span> <span class='ocrx_word' id='word_1_118' title='bbox 303 1992 410 2046; x_wconf 84' lang='lat' dir='ltr'>blandita</span> <span class='ocrx_word' id='word_1_119' title='bbox 421 1998 473 2044; x_wconf 87' lang='lat' dir='ltr'>viro</span> <span class='ocrx_word' id='word_1_120' title='bbox 485 1997 589 2055; x_wconf 86' lang='lat' dir='ltr'>Procne,</span> <span class='ocrx_word' id='word_1_121' title='bbox 598 1999 621 2044; x_wconf 90' lang='lat' dir='ltr'>Si</span> <span class='ocrx_word' id='word_1_122' title='bbox 640 2000 730 2062; x_wconf 82' lang='lat' dir='ltr'>gratia,</span> <span class='ocrx_word' id='word_1_123' title='bbox 740 1995 820 2055; x_wconf 79' lang='lat' dir='ltr'>dixit,</span> 
     </span>
    </p>

    <p class='ocr_par' dir='ltr' id='par_1_6' title="bbox 216 2072 791 2133">
     <span class='ocr_line' id='line_1_20' title="bbox 216 2072 791 2133; baseline -0.002 -9"><span class='ocrx_word' id='word_1_124' title='bbox 216 2072 276 2124; x_wconf 83' lang='lat' dir='ltr'>Ulla</span> <span class='ocrx_word' id='word_1_125' title='bbox 286 2091 340 2121; x_wconf 86' lang='lat' dir='ltr'>mea</span> <span class='ocrx_word' id='word_1_126' title='bbox 349 2074 381 2122; x_wconf 87' lang='lat' dir='ltr'>est</span> <span class='ocrx_word' id='word_1_127' title='bbox 392 2109 401 2133; x_wconf 89' lang='lat'>,</span> <span class='ocrx_word' id='word_1_128' title='bbox 412 2076 449 2123; x_wconf 88' lang='lat' dir='ltr'>vel</span> <span class='ocrx_word' id='word_1_129' title='bbox 460 2092 499 2125; x_wconf 85' lang='lat' dir='ltr'>nte</span> <span class='ocrx_word' id='word_1_130' title='bbox 509 2072 611 2126; x_wconf 84' lang='lat' dir='ltr'>visendae</span> <span class='ocrx_word' id='word_1_131' title='bbox 621 2080 690 2125; x_wconf 86' lang='lat' dir='ltr'>mitte</span> <span class='ocrx_word' id='word_1_132' title='bbox 702 2078 791 2132; x_wconf 82' lang='lat' dir='ltr'>sorori3</span> 
     </span>
    </p>

    <p class='ocr_par' dir='ltr' id='par_1_7' title="bbox 215 2150 853 2363">
     <span class='ocr_line' id='line_1_21' title="bbox 215 2150 853 2217; baseline 0.009 -20"><span class='ocrx_word' id='word_1_133' title='bbox 215 2150 265 2199; x_wconf 81' lang='lat' dir='ltr'>Vel</span> <span class='ocrx_word' id='word_1_134' title='bbox 276 2153 343 2200; x_wconf 88' lang='lat' dir='ltr'>soror</span> <span class='ocrx_word' id='word_1_135' title='bbox 355 2154 400 2201; x_wconf 89' lang='lat' dir='ltr'>huc</span> <span class='ocrx_word' id='word_1_136' title='bbox 411 2158 490 2201; x_wconf 87' lang='lat' dir='ltr'>veniat</span> <span class='ocrx_word' id='word_1_137' title='bbox 502 2171 509 2200; x_wconf 78' lang='lat' dir='ltr'>r</span> <span class='ocrx_word' id='word_1_138' title='bbox 519 2152 649 2203; x_wconf 83' lang='lat' dir='ltr'>redituram</span> <span class='ocrx_word' id='word_1_139' title='bbox 664 2169 770 2217; x_wconf 87' lang='lat' dir='ltr'>tempore</span> <span class='ocrx_word' id='word_1_140' title='bbox 782 2169 853 2217; x_wconf 83' lang='lat' dir='ltr'>parvo</span> 
     </span>
     <span class='ocr_line' id='line_1_22' title="bbox 215 2228 823 2296; baseline -0.002 -15"><span class='ocrx_word' id='word_1_141' title='bbox 215 2228 346 2283; x_wconf 77' lang='lat' dir='ltr'>Promittes</span> <span class='ocrx_word' id='word_1_142' title='bbox 365 2232 461 2280; x_wconf 81' lang='lat' dir='ltr'>socero:</span> <span class='ocrx_word' id='word_1_143' title='bbox 473 2236 554 2296; x_wconf 84' lang='lat' dir='ltr'>magni</span> <span class='ocrx_word' id='word_1_144' title='bbox 567 2232 627 2280; x_wconf 88' lang='lat' dir='ltr'>mihi</span> <span class='ocrx_word' id='word_1_145' title='bbox 640 2233 742 2280; x_wconf 86' lang='lat' dir='ltr'>numinis</span> <span class='ocrx_word' id='word_1_146' title='bbox 753 2232 823 2281; x_wconf 85' lang='lat' dir='ltr'>instar</span> 
     </span>
     <span class='ocr_line' id='line_1_23' title="bbox 215 2306 785 2363; baseline 0.007 -8"><span class='ocrx_word' id='word_1_147' title='bbox 215 2306 362 2358; x_wconf 86' lang='lat' dir='ltr'>Germanam</span> <span class='ocrx_word' id='word_1_148' title='bbox 372 2306 457 2361; x_wconf 80' lang='lat' dir='ltr'>virliffe</span> <span class='ocrx_word' id='word_1_149' title='bbox 469 2307 544 2361; x_wconf 88' lang='lat' dir='ltr'>dabis.</span> <span class='ocrx_word' id='word_1_150' title='bbox 556 2312 626 2363; x_wconf 81' lang='lat' dir='ltr'>lubet</span> <span class='ocrx_word' id='word_1_151' title='bbox 644 2310 685 2362; x_wconf 90' lang='lat' dir='ltr'>ille</span> <span class='ocrx_word' id='word_1_152' title='bbox 696 2312 785 2359; x_wconf 80' lang='lat' dir='ltr'>carinas</span> 
     </span>
    </p>

    <p class='ocr_par' dir='ltr' id='par_1_8' title="bbox 214 2384 785 2533">
     <span class='ocr_line' id='line_1_24' title="bbox 214 2384 785 2457; baseline 0.016 -25"><span class='ocrx_word' id='word_1_153' title='bbox 214 2384 245 2433; x_wconf 84' lang='lat' dir='ltr'>In</span> <span class='ocrx_word' id='word_1_154' title='bbox 263 2384 324 2434; x_wconf 84' lang='lat' dir='ltr'>freta</span> <span class='ocrx_word' id='word_1_155' title='bbox 341 2384 442 2439; x_wconf 82' lang='lat' dir='ltr'>deduci:</span> <span class='ocrx_word' id='word_1_156' title='bbox 454 2389 555 2457; x_wconf 85' lang='lat' dir='ltr'>veloque</span> <span class='ocrx_word' id='word_1_157' title='bbox 568 2394 592 2438; x_wconf 76' lang='grc' dir='ltr'>δι</span> <span class='ocrx_word' id='word_1_158' title='bbox 604 2394 693 2455; x_wconf 80' lang='lat' dir='ltr'>remige</span> <span class='ocrx_word' id='word_1_159' title='bbox 704 2405 785 2455; x_wconf 80' lang='lat' dir='ltr'>portus</span> 
     </span>
     <span class='ocr_line' id='line_1_25' title="bbox 215 2459 770 2533; baseline 0.014 -24"><span class='ocrx_word' id='word_1_160' title='bbox 215 2459 350 2532; x_wconf 75' lang='lat' dir='ltr'>Cecropios</span> <span class='ocrx_word' id='word_1_161' title='bbox 361 2466 453 2523; x_wconf 75' lang='lat' dir='ltr'>intrat3</span> <span class='ocrx_word' id='word_1_162' title='bbox 470 2468 589 2533; x_wconf 79' lang='lat' dir='ltr'>Piraeaque</span> <span class='ocrx_word' id='word_1_163' title='bbox 604 2468 674 2517; x_wconf 84' lang='lat' dir='ltr'>litora</span> <span class='ocrx_word' id='word_1_164' title='bbox 686 2472 770 2533; x_wconf 79' lang='lat' dir='ltr'>tangit.</span> 
     </span>
    </p>

    <p class='ocr_par' dir='ltr' id='par_1_9' title="bbox 213 2538 948 2926">
     <span class='ocr_line' id='line_1_26' title="bbox 216 2538 915 2617; baseline 0.014 -29"><span class='ocrx_word' id='word_1_165' title='bbox 216 2538 253 2588; x_wconf 92' lang='lat' dir='ltr'>Ut</span> <span class='ocrx_word' id='word_1_166' title='bbox 272 2539 377 2603; x_wconf 85' lang='lat' dir='ltr'>prirnrlm</span> <span class='ocrx_word' id='word_1_167' title='bbox 388 2543 463 2593; x_wconf 85' lang='lat' dir='ltr'>soceri</span> <span class='ocrx_word' id='word_1_168' title='bbox 473 2542 529 2597; x_wconf 74' lang='lat' dir='ltr'>data</span> <span class='ocrx_word' id='word_1_169' title='bbox 543 2549 612 2610; x_wconf 85' lang='lat' dir='ltr'>copia</span> <span class='ocrx_word' id='word_1_170' title='bbox 625 2580 635 2604; x_wconf 70' lang='lat' dir='ltr'>s</span> <span class='ocrx_word' id='word_1_171' title='bbox 646 2544 773 2615; x_wconf 79' lang='lat' dir='ltr'>dextraque</span> <span class='ocrx_word' id='word_1_172' title='bbox 784 2546 874 2599; x_wconf 80' lang='lat' dir='ltr'>dextrre</span> <span class='ocrx_word' id='word_1_173' title='bbox 914 2610 915 2617; x_wconf 10' lang='grc' dir='ltr'>ἵ</span> 
     </span>
     <span class='ocr_line' id='line_1_27' title="bbox 213 2617 831 2682; baseline 0.018 -18"><span class='ocrx_word' id='word_1_174' title='bbox 213 2617 342 2682; x_wconf 77' lang='lat' dir='ltr'>iungitur3</span> <span class='ocrx_word' id='word_1_175' title='bbox 354 2620 456 2670; x_wconf 81' lang='lat' dir='ltr'>infausto</span> <span class='ocrx_word' id='word_1_176' title='bbox 473 2626 633 2674; x_wconf 81' lang='lat' dir='ltr'>committitur</span> <span class='ocrx_word' id='word_1_177' title='bbox 650 2629 730 2675; x_wconf 85' lang='lat' dir='ltr'>ornine</span> <span class='ocrx_word' id='word_1_178' title='bbox 745 2627 831 2677; x_wconf 85' lang='lat' dir='ltr'>sermo.</span> 
     </span>
     <span class='ocr_line' id='line_1_28' title="bbox 215 2693 812 2760; baseline 0.015 -16"><span class='ocrx_word' id='word_1_179' title='bbox 215 2693 332 2760; x_wconf 74' lang='lat' dir='ltr'>Coeperat</span> <span class='ocrx_word' id='word_1_180' title='bbox 347 2696 463 2747; x_wconf 77' lang='lat' dir='ltr'>erlventris</span> <span class='ocrx_word' id='word_1_181' title='bbox 480 2703 574 2749; x_wconf 83' lang='lat' dir='ltr'>eausam</span> <span class='ocrx_word' id='word_1_182' title='bbox 585 2735 594 2755; x_wconf 87' lang='lat'><em>,</em></span> <span class='ocrx_word' id='word_1_183' title='bbox 605 2700 717 2751; x_wconf 81' lang='lat' dir='ltr'>mandata</span> <span class='ocrx_word' id='word_1_184' title='bbox 726 2702 812 2753; x_wconf 86' lang='lat' dir='ltr'>referre</span> 
     </span>
     <span class='ocr_line' id='line_1_29' title="bbox 214 2773 948 2843; baseline 0.016 -20"><span class='ocrx_word' id='word_1_185' title='bbox 214 2773 353 2839; x_wconf 77' lang='lat' dir='ltr'>Coniugis3</span> <span class='ocrx_word' id='word_1_186' title='bbox 374 2781 399 2826; x_wconf 88' lang='lat'>&amp;</span> <span class='ocrx_word' id='word_1_187' title='bbox 419 2777 505 2827; x_wconf 84' lang='lat' dir='ltr'>celeres</span> <span class='ocrx_word' id='word_1_188' title='bbox 517 2776 593 2827; x_wconf 80' lang='lat' dir='ltr'>millae</span> <span class='ocrx_word' id='word_1_189' title='bbox 607 2778 720 2843; x_wconf 86' lang='lat' dir='ltr'>spondere</span> <span class='ocrx_word' id='word_1_190' title='bbox 730 2782 850 2831; x_wconf 78' lang='lat' dir='ltr'>recursus:</span> <span class='ocrx_word' id='word_1_191' title='bbox 947 2832 948 2835; x_wconf 75' lang='grc'>,</span> 
     </span>
     <span class='ocr_line' id='line_1_30' title="bbox 213 2850 781 2926; baseline 0.018 -29"><span class='ocrx_word' id='word_1_192' title='bbox 213 2850 280 2906; x_wconf 79' lang='lat' dir='ltr'>Ecce</span> <span class='ocrx_word' id='word_1_193' title='bbox 292 2858 359 2905; x_wconf 85' lang='lat' dir='ltr'>veuit</span> <span class='ocrx_word' id='word_1_194' title='bbox 369 2871 457 2926; x_wconf 72' lang='lat' dir='ltr'>magno</span> <span class='ocrx_word' id='word_1_195' title='bbox 468 2854 533 2909; x_wconf 85' lang='lat' dir='ltr'>dives</span> <span class='ocrx_word' id='word_1_196' title='bbox 545 2857 677 2909; x_wconf 86' lang='lat' dir='ltr'>Philomela</span> <span class='ocrx_word' id='word_1_197' title='bbox 687 2873 781 2922; x_wconf 80' lang='lat' dir='ltr'>paratu,</span> 
     </span>
    </p>

    <p class='ocr_par' dir='ltr' id='par_1_10' title="bbox 214 2927 731 2997">
     <span class='ocr_line' id='line_1_31' title="bbox 214 2927 731 2997; baseline 0.017 -19"><span class='ocrx_word' id='word_1_198' title='bbox 214 2927 323 2978; x_wconf 85' lang='lat' dir='ltr'>Divitior</span> <span class='ocrx_word' id='word_1_199' title='bbox 337 2930 416 2985; x_wconf 76' lang='lat' dir='ltr'>sormi</span> <span class='ocrx_word' id='word_1_200' title='bbox 428 2953 432 2979; x_wconf 92' lang='lat'>:</span> <span class='ocrx_word' id='word_1_201' title='bbox 445 2933 526 2997; x_wconf 77' lang='lat' dir='ltr'>quales</span> <span class='ocrx_word' id='word_1_202' title='bbox 536 2933 617 2987; x_wconf 87' lang='lat' dir='ltr'>audire</span> <span class='ocrx_word' id='word_1_203' title='bbox 626 2937 731 2987; x_wconf 83' lang='lat' dir='ltr'>solemus</span> 
     </span>
    </p>

    <p class='ocr_par' dir='ltr' id='par_1_11' title="bbox 214 3004 784 3075">
     <span class='ocr_line' id='line_1_32' title="bbox 214 3004 784 3075; baseline 0.021 -21"><span class='ocrx_word' id='word_1_204' title='bbox 214 3004 308 3054; x_wconf 78' lang='lat' dir='ltr'>Naidas</span> <span class='ocrx_word' id='word_1_205' title='bbox 324 3012 347 3057; x_wconf 73' lang='grc' dir='ltr'>δι</span> <span class='ocrx_word' id='word_1_206' title='bbox 362 3009 470 3070; x_wconf 76' lang='lat' dir='ltr'>Dryadas</span> <span class='ocrx_word' id='word_1_207' title='bbox 483 3010 567 3061; x_wconf 89' lang='lat' dir='ltr'>mediis</span> <span class='ocrx_word' id='word_1_208' title='bbox 581 3014 690 3064; x_wconf 86' lang='lat' dir='ltr'>incedere</span> <span class='ocrx_word' id='word_1_209' title='bbox 701 3016 784 3075; x_wconf 59' lang='lat' dir='ltr'>siluis,</span> 
     </span>
    </p>

    <p class='ocr_par' dir='ltr' id='par_1_12' title="bbox 216 3083 799 3159">
     <span class='ocr_line' id='line_1_33' title="bbox 216 3083 799 3159; baseline 0.017 -26"><span class='ocrx_word' id='word_1_210' title='bbox 216 3084 241 3133; x_wconf 86' lang='lat' dir='ltr'>Si</span> <span class='ocrx_word' id='word_1_211' title='bbox 252 3083 328 3135; x_wconf 80' lang='lat' dir='ltr'>modd</span> <span class='ocrx_word' id='word_1_212' title='bbox 337 3085 379 3136; x_wconf 87' lang='lat' dir='ltr'>des</span> <span class='ocrx_word' id='word_1_213' title='bbox 395 3087 431 3136; x_wconf 88' lang='lat' dir='ltr'>illi</span> <span class='ocrx_word' id='word_1_214' title='bbox 445 3088 534 3148; x_wconf 85' lang='lat' dir='ltr'>cultus,</span> <span class='ocrx_word' id='word_1_215' title='bbox 552 3092 688 3159; x_wconf 75' lang='lat' dir='ltr'>similesque</span> <span class='ocrx_word' id='word_1_216' title='bbox 697 3111 799 3159; x_wconf 80' lang='lat' dir='ltr'>paratus.</span> 
     </span>
    </p>

    <p class='ocr_par' dir='ltr' id='par_1_13' title="bbox 214 3160 881 3312">
     <span class='ocr_line' id='line_1_34' title="bbox 214 3160 840 3235; baseline 0.016 -25"><span class='ocrx_word' id='word_1_217' title='bbox 214 3160 276 3218; x_wconf 55' lang='lat' dir='ltr'>Non,</span> <span class='ocrx_word' id='word_1_218' title='bbox 285 3167 348 3211; x_wconf 85' lang='lat' dir='ltr'>secus</span> <span class='ocrx_word' id='word_1_219' title='bbox 365 3168 467 3223; x_wconf 71' lang='lat' dir='ltr'>exarsit,</span> <span class='ocrx_word' id='word_1_220' title='bbox 480 3168 604 3233; x_wconf 71' lang='lat' dir='ltr'>conspestrl</span> <span class='ocrx_word' id='word_1_221' title='bbox 615 3172 722 3235; x_wconf 74' lang='lat' dir='ltr'>virgine,</span> <span class='ocrx_word' id='word_1_222' title='bbox 736 3172 840 3233; x_wconf 85' lang='lat' dir='ltr'>Tereus,</span> 
     </span>
     <span class='ocr_line' id='line_1_35' title="bbox 215 3237 881 3312; baseline 0.009 -19"><span class='ocrx_word' id='word_1_223' title='bbox 215 3237 298 3305; x_wconf 65' lang='lat' dir='ltr'>Quam</span> <span class='ocrx_word' id='word_1_224' title='bbox 309 3246 329 3291; x_wconf 88' lang='lat' dir='ltr'>si</span> <span class='ocrx_word' id='word_1_225' title='bbox 340 3245 394 3309; x_wconf 87' lang='lat' dir='ltr'>quis</span> <span class='ocrx_word' id='word_1_226' title='bbox 409 3248 472 3294; x_wconf 88' lang='lat' dir='ltr'>canis</span> <span class='ocrx_word' id='word_1_227' title='bbox 482 3248 563 3311; x_wconf 75' lang='lat' dir='ltr'>ignem</span> <span class='ocrx_word' id='word_1_228' title='bbox 572 3249 689 3312; x_wconf 81' lang='lat' dir='ltr'>supponat</span> <span class='ocrx_word' id='word_1_229' title='bbox 699 3249 770 3298; x_wconf 77' lang='lat' dir='ltr'>arillis</span> <span class='ocrx_word' id='word_1_230' title='bbox 780 3284 790 3312; x_wconf 90' lang='lat'>‚</span> <span class='ocrx_word' id='word_1_231' title='bbox 879 3250 881 3255; x_wconf 77' lang='grc'><strong>“</strong></span> 
     </span>
    </p>
   </div>
   <div class='ocr_carea' id='block_1_3' title="bbox 0 0 1172 4150">
    <p class='ocr_par' dir='ltr' id='par_1_14' title="bbox 0 0 1172 4150">
     <span class='ocr_line' id='line_1_36' title="bbox 0 0 1172 4150; baseline 0 1"><span class='ocrx_word' id='word_1_232' title='bbox 0 0 1172 4150; x_wconf 95' lang='lat' dir='ltr'> </span> 
     </span>
    </p>
   </div>
  </div>
 </body>
</html>
