2334 4150
251 470 680 566 MnrArr'orcrrrosnou
695 495 734 563 L.
749 493 817 566 Vs.
843 523 909 583 127

186 616 210 667 E
220 622 310 684 quibus
320 620 427 668 Ismenos
436 653 446 678 ,
457 619 500 683 qui
508 620 581 666 matti
591 619 681 666 sarcina
689 615 815 683 quondam

186 697 273 746 Prima
283 699 330 747 suae
340 697 418 746 fuerat
429 731 436 756 ,
452 695 511 745 dum
522 711 614 745 certum
625 694 699 744 fledit
709 699 735 744 in
745 697 830 745 orbem
913 702 958 752 ²25

186 774 365 841 Quadrupedes
375 777 454 824 cursus
464 809 472 834 ,
482 776 662 840 spumantiaque
673 790 714 824 ora
724 779 836 834 co'e'rcet3

185 854 237 903 Hei
247 855 326 903 mihi!
347 853 482 903 conclamat
493 869 502 910 3
519 849 648 918 medioque
658 855 684 900 in
695 854 789 916 pastore
800 850 861 900 fixus

185 930 251 980 Tela
260 933 323 996 gerit
333 966 342 990 ,
361 932 480 997 frenisque
490 947 563 979 manu
573 933 691 979 moriente
702 932 821 990 remissis,

185 1008 218 1056 In
229 1008 291 1057 latus
302 1026 315 1057 a
326 1007 410 1058 dextro
420 1008 538 1073 paulatim
548 1006 633 1057 defluit
648 1025 723 1059 armo.

183 1087 312 1136 Proximus
323 1122 333 1148 ‚
349 1085 434 1137 audito
445 1088 525 1134 sonitu
535 1103 577 1151 per
587 1088 656 1136 inane
666 1090 798 1152 pharetra,
908 1097 953 1142 250

185 1164 206 1212 f
206 1181 264 1214 rena
273 1163 347 1215 dabat
356 1165 450 1230 Sipylus
462 1184 468 1213 ι
478 1165 554 1215 veluti
564 1181 620 1214 cum
632 1167 739 1230 prescius
751 1166 834 1213 imbris

184 1240 259 1290 Nube
270 1242 333 1308 fugit
340 1244 407 1298 visi,
419 1240 593 1308 pendentiaque
604 1241 709 1308 undique
720 1245 795 1294 resior
845 1280 847 1285 ·

183 1317 292 1370 Carbasa
301 1319 400 1370 deducit
409 1337 439 1370 ne
449 1321 497 1386 qui
507 1321 565 1371 levis
575 1321 656 1369 effluat
666 1336 731 1369 aura.

180 1397 260 1446 Frena
272 1395 343 1448 dabat
353 1415 360 1446 ε
371 1396 469 1448 dantem
480 1415 529 1448 non
539 1397 652 1449 evitabile
663 1399 738 1447 telum

181 1474 364 1541 Consequiture
376 1475 517 1542 summique
528 1491 632 1525 tremens
645 1478 735 1526 cervice
746 1479 830 1541 sagitta

180 1553 274 1609 Haris,
290 1557 317 1603 bt
331 1555 435 1604 exstabat
445 1552 537 1603 nudum
548 1552 579 1602 de
590 1567 686 1618 gutture
697 1553 795 1602 serrum.

178 1630 242 1690 ille,
261 1646 288 1680 ut
299 1647 350 1682 erat
358 1649 466 1697 pronus,
483 1648 524 1697 per
535 1632 599 1681 colla
611 1629 712 1682 admissa
721 1632 835 1698 jubasque

177 1706 313 1769 Volvitnt3
324 1715 349 1760 &
361 1709 440 1760 calido
451 1710 562 1760 tellurem
573 1712 686 1774 sanguine
698 1707 784 1760 foedat.

178 1786 317 1838 Phaedimus
326 1788 429 1849 infelix,
444 1792 487 1848 ἃ,
505 1792 563 1839 aviti
574 1786 680 1838 nominis
689 1791 754 1838 heres
765 1823 773 1848 ‚

179 1865 296 1916 Tantalus
306 1901 316 1926 ,
334 1881 361 1915 ur
371 1865 444 1915 solito
454 1865 528 1916 fine'm
538 1858 672 1932 imposuere
684 1865 779 1926 labori,

178 1945 332 1994 Transierant
341 1943 372 1994 ad
386 1961 446 2010 opus
456 1943 540 1994 nitidae
551 1944 655 2010 juvenile
667 1945 777 2010 palaestra
789 1963 798 2004 ;

176 2021 209 2070 Et
217 2026 269 2087 jam
282 2023 435 2073 contulerant
447 2025 510 2073 arbitr
523 2023 636 2072 ludentia
646 2039 708 2072 nexu

175 2102 274 2151 Pesiora
283 2103 433 2166 pedoribus3
446 2102 520 2159 crim,
537 2116 605 2152 tento
616 2105 712 2152 concita
723 2118 815 2163 cornu,

175 2181 243 2229 Sicut
253 2194 320 2230 erant
329 2183 402 2247 junsii
412 2215 421 2236 ,
437 2185 532 2247 trajecit
541 2196 670 2247 utrumque
680 2183 774 2245 sagitta.

174 2259 315 2324 Ingemuere
324 2259 415 2308 simule
427 2259 499 2308 simul
509 2262 633 2310 incurvata
646 2256 731 2309 dolore

173 2336 287 2387 Membra
296 2337 349 2387 solo
359 2339 458 2403 posuere
470 2356 477 2387 r
490 2338 562 2387 simul
572 2340 681 2403 suprema
690 2340 794 2402 jacenses

174 2416 277 2465 Lumina
286 2415 410 2466 versdrunt
421 2435 428 2466 e
439 2419 546 2465 animani
554 2415 626 2465 simul
637 2414 786 2464 exhalirunt.

173 2493 265 2557 Aspicit
275 2493 414 2558 Alphenor,
427 2494 561 2560 laniataque
570 2495 665 2558 petitora
676 2492 788 2557 plangens

173 2569 279 2622 Advolat
290 2606 299 2632 ,
316 2587 345 2621 ut
356 2570 449 2637 gelidos
460 2571 625 2636 complexibus
636 2570 723 2619 allevet
734 2585 815 2631 artus3

173 2648 248 2715 Inque
258 2652 300 2714 pio
311 2647 378 2699 cadit
386 2648 469 2699 officio
480 2668 487 2698 r
498 2665 554 2698 nam
565 2649 649 2698 Delius
660 2648 699 2696 illi

172 2726 259 2775 intima
270 2726 367 2777 fatifero
378 2730 470 2792 rumpit
479 2725 610 2792 praecordia
621 2724 693 2773 ferro.
707 2775 711 2782 f

172 2803 246 2863 Quod
254 2804 327 2853 simul
337 2803 448 2855 edustum
457 2840 466 2866 ,
478 2821 530 2870 pars
540 2803 573 2853 esi
582 2803 705 2869 pulmonis
716 2802 741 2849 in
754 2802 831 2851 hantis

170 2881 242 2930 Eruta
252 2900 260 2930 s
271 2898 375 2948 cumque
385 2886 451 2933 anim
518 2900 547 2931 or
559 2882 591 2931 est
605 2878 690 2930 effusus
701 2883 726 2929 in
737 2895 812 2930 auras.

169 2959 200 3007 Ar
209 2974 259 3007 non
269 2892 517 3089 intonsunysspldu
513 2960 718 3010 Damasichthona
729 2960 815 3010 vulnus

170 3035 373 3087 Afficiteisluser
409 3042 482 3105 ‚qui
495 3056 547 3087 crus
558 3035 604 3087 ell'e
616 3041 717 3102 incipit,
734 3038 819 3103 &qui
886 3036 930 3089 ²55

169 3113 256 3162 Mollia
266 3118 378 3165 nervosus
389 3116 447 3166 facit
457 3115 592 3165 internodia
605 3116 696 3181 poples.

167 3188 281 3261 Dumque
291 3209 364 3246 manu
374 3209 452 3249 tentat
462 3196 553 3248 trabere
564 3192 684 3244 exitiabile
695 3190 770 3242 telum
778 3226 789 3254 ‚

662 3270 721 3323 riv
745 3280 749 3288 “
