2334 4150
274 567 702 663 Marnnoaanosron
718 559 755 630 L.
780 544 823 633 V.
854 587 918 651 107

196 689 321 740 Detrectas
333 688 406 736 etiam
418 683 516 734 laudes:
530 683 656 750 filiamque
668 683 775 734 Medusa

198 769 284 832 Aeguis
297 763 345 814 eise
355 781 448 814 necem.
460 764 577 812 Dabimus
589 765 632 812 tibi
643 767 744 829 pignora
754 765 823 822 veri3

197 847 291 894 Parcite
302 843 452 900 luminibus,
463 843 559 890 Perseus
570 844 603 889 ait
615 861 621 890 ι
633 859 723 907 oraque
734 846 812 908 regis,

199 921 248 970 Ore
257 917 400 978 Medusaeo,
413 917 505 968 silicem
517 919 566 966 sine
577 919 688 983 sanguine
700 919 766 970 fecit.

232 1079 353 1129 Hactenus
364 1079 480 1144 aurigenae
492 1080 607 1128 comitem
617 1078 728 1128 Tritonia
740 1079 807 1130 fratri
927 1087 972 1134 250

201 1158 231 1205 Se
242 1153 308 1203 dedit
320 1173 327 1202 r
340 1152 396 1202 inde
407 1151 465 1200 cavi
476 1151 623 1201 circumdata
634 1153 696 1201 nube
708 1155 824 1218 Seriphon

200 1230 313 1287 Deserir;
325 1246 340 1278 a
350 1227 432 1278 dextra
443 1226 542 1288 Cythno
555 1228 683 1292 Gyaroque
694 1227 789 1276 reliiiis.

201 1303 304 1369 Quique
314 1305 384 1368 super
394 1316 496 1367 pontum
506 1306 545 1350 via
554 1304 604 1350 visa
614 1293 874 1361 brevissima‚Thebas

198 1381 390 1447 virgineumque
403 1381 518 1430 Helicona
529 1384 589 1446 petit
599 1397 667 1452 :quo
681 1395 763 1430 monte
775 1386 852 1446 potita

201 1455 335 1513 Constitit3
348 1461 373 1504 δι
384 1454 464 1504 dostas
474 1459 507 1504 sic
519 1457 552 1506 est
561 1454 635 1509 affata
646 1457 746 1504 sorores.
923 1469 947 1514 ²5
956 1469 966 1515 ς

201 1535 275 1583 Fama
289 1537 346 1584 novi
364 1532 437 1583 fontis
454 1535 543 1584 nostras
560 1538 668 1599 pervenit
684 1535 715 1583 ad
731 1551 813 1597 aures,

199 1613 269 1662 Dura
287 1611 402 1661 Medusaei
413 1629 485 1678 quem
496 1615 604 1677 praepetis
617 1611 706 1677 ungula
716 1615 790 1677 rupit.

201 1693 225 1741 Is
234 1694 295 1740 mihi
307 1693 375 1739 causa
388 1694 432 1741 viae
445 1711 451 1740 r
466 1691 535 1739 volui
546 1691 655 1739 mirabile
668 1691 801 1739 monstrum

200 1770 307 1820 Cernere
317 1769 379 1819 :vidi
390 1772 468 1836 ipsum
479 1785 588 1818 materno
599 1772 711 1834 sanguine
721 1771 795 1818 nasci.

200 1848 297 1912 Excipit
309 1847 395 1896 Uranie
407 1867 412 1896 :
426 1849 588 1913 Quaecumque
601 1847 633 1895 est
643 1849 712 1896 causa
720 1846 818 1898 videndi
924 1848 971 1886 ²⁶⁰

200 1926 252 1975 Has
269 1927 329 1980 tibi,
347 1925 411 1975 Diva
421 1961 430 1985 ,
442 1924 528 1974 domos
540 1929 622 1974 animo
635 1926 767 1989 gratissima
780 1925 861 1974 nostro
872 1941 905 1973 cs.

201 2004 267 2052 Vera
283 2019 362 2053 tamen
374 2004 440 2052 fania
455 2005 504 2052 est:
518 2008 542 2052 δι
557 2003 657 2068 Pegasus
668 2007 737 2068 hujus
747 2007 816 2066 origo

200 2084 286 2132 Fontis
297 2101 304 2130 t
318 2081 384 2131 &ad
398 2084 479 2132 latices
490 2080 589 2131 deducit
599 2080 696 2130 Pallada
707 2083 795 2130 sacros.

200 2162 263 2221 Qua
277 2164 362 2210 mirata
370 2159 412 2209 diu
427 2161 499 2209 facias
513 2159 579 2225 pedis
590 2160 675 2208 istibus
687 2156 784 2218 undas,

201 2240 322 2290 Silvarum
343 2239 410 2287 lucos
432 2241 594 2304 circumspicit
613 2240 784 2303 antiquarum,
925 2238 970 2291 2⁶5

200 2318 325 2383 Antraque
336 2352 345 2378 ,
362 2320 386 2366 δι
402 2321 532 2367 innumeris
544 2316 661 2367 distineris
673 2315 771 2365 floribus
780 2316 879 2383 herhas:

201 2395 341 2461 felicesque
350 2412 421 2445 vocat
432 2398 519 2462 parir'er
529 2394 646 2463 studiique
657 2396 753 2463 locique

201 2472 383 2522 Mnemonidas.
402 2474 483 2534 Quim
496 2478 529 2523 sic
540 2473 612 2524 affata
627 2475 659 2524 est
670 2490 717 2523 una
731 2477 850 2525 sororum.

202 2551 227 2598 0
239 2550 246 2599 l
263 2555 308 2599 nisi
326 2566 349 2600 te
359 2554 433 2601 virtus
442 2570 515 2618 opera
527 2551 557 2603 ad
569 2558 661 2618 majora
672 2550 778 2613 rulilser,

202 2629 232 2677 in
243 2645 335 2694 partem
346 2647 445 2680 ventura
457 2634 524 2681 chori
536 2634 648 2699 Tritonia
660 2632 750 2691 nostri,

201 2708 268 2757 Vera
288 2709 376 2767 refers;
394 2713 529 2775 meritoque
540 2712 625 2775 probas
634 2724 740 2773 artesque
754 2709 897 2773 locumque:

201 2784 235 2834 Et
246 2801 337 2851 gratam
350 2788 455 2847 sortem,
469 2803 525 2838 tutae
537 2786 612 2837 modi)
623 2791 712 2846 simus,
724 2788 847 2835 habemus.

202 2862 251 2913 Sed
263 2899 271 2923 ‚
289 2867 392 2913 vetitum
403 2867 437 2914 est
447 2865 507 2916 adeo
520 2867 602 2916 sceleri
612 2866 672 2916 nihil
683 2884 689 2914 r
700 2870 781 2915 omnia
793 2882 881 2917 terrent

202 2942 329 3007 virgineas
346 2960 437 2993 mentes
450 2964 456 2992 t
468 2944 580 3011 dirusque
591 2960 644 2995 anre
656 2960 699 2994 ora
712 2946 832 3008 Pyreneus

202 3020 332 3081 Vertitur,
351 3026 376 3072 δι
395 3021 504 3072 nondum
514 3042 553 3073 me
564 3024 617 3073 toti
627 3038 706 3073 mente
717 3026 804 3088 recepi.
922 3044 967 3091 ²75

200 3097 292 3147 Daulia
308 3099 424 3149 Threicio
435 3100 574 3169 Phoceaque
587 3102 665 3152 milite
674 3119 727 3151 rura

200 3175 310 3241 Ceperat
321 3179 363 3227 iile
382 3179 466 3240 ferox,
485 3181 617 3247 injustaque
631 3197 702 3246 regna
716 3180 819 3229 tenebat.

200 3254 309 3320 Templa
324 3258 464 3321 petebamus
480 3260 589 3310 Parnasia
601 3258 682 3311 :vidit
694 3273 790 3316 euntes,

772 3335 791 3383 E
803 3338 830 3401 vj
