2334 4150
306 532 735 612 Mnrxnonrnornon
758 535 796 605 L.
821 537 853 605 1.
886 560 930 623 19
969 618 975 623 ‚

206 655 319 720 luppiter
335 654 368 703 est
385 656 479 719 genitor
489 674 495 704 ε
502 672 544 720 per
553 654 688 723 me,quod
698 659 807 723 eritque,
818 657 930 724 fuitque,

206 734 313 801 Estque,
327 748 393 798 patet
406 753 412 781 :
423 746 464 798 per
474 752 513 783 me
524 734 674 785 concordant
684 740 791 785 carmina
802 739 888 785 nervis.

208 810 284 861 Certa
294 810 394 876 quidem
405 812 483 861 nostra
494 814 542 872 elle
553 813 632 864 nostri
642 830 722 864 tumen
734 830 780 863 una
790 813 880 879 sagitttl

209 890 317 949 Certior,
328 893 354 939 in
368 906 506 956 vacuoque
517 890 615 943 vulnera
624 896 717 957 pedore
732 892 801 941 fecit.
936 902 981 946 μῦ

209 967 337 1017 Inventum
353 965 473 1017 medicina
491 985 572 1018 meum
594 968 641 1017 est:
653 970 779 1035 opiferque
789 986 832 1034 per
839 970 926 1019 orbem

205 1044 303 1104 Βίων,
321 1049 346 1093 δι
358 1046 484 1094 herbatum
500 1046 605 1109 subiecta
617 1051 725 1111 potentia
739 1049 820 1097 nobis.

206 1122 254 1172 Hei
273 1123 350 1171 mihil
367 1120 516 1188 quodnullis
527 1140 596 1175 amor
608 1124 642 1173 est
652 1122 802 1175 medicabilis
815 1125 894 1174 herbis
905 1144 912 1173 e

206 1200 259 1249 Nec
278 1202 378 1265 prosunt
396 1198 514 1261 domino,
527 1217 580 1267 quae
596 1204 696 1267 prosunt
709 1204 840 1269 omnibus,
857 1220 928 1253 artes.

205 1278 279 1327 Plura
296 1278 436 1327 locuturum
450 1276 539 1327 timido
551 1279 638 1329 Peneia
648 1281 716 1329 cursu
931 1283 974 1333 5²5

207 1357 278 1422 fugit
290 1374 298 1415 3
317 1372 420 1422 cumque
431 1358 482 1420 ipso
491 1356 563 1407 verba
574 1357 713 1421 imperfebia
723 1357 829 1423 reliquit.

206 1436 271 1485 Tum
282 1452 381 1501 quoque
393 1434 443 1484 visa
455 1432 557 1485 decens:
570 1433 695 1485 nudabant
713 1451 814 1500 corpora
827 1438 911 1496 venti,

205 1514 332 1579 Obviaque
345 1510 453 1563 adversas
464 1511 591 1561 vibrabant
598 1510 696 1561 flamina
704 1512 777 1562 vestes
788 1530 796 1562 e

206 1592 238 1641 Et
256 1592 315 1642 levis
328 1593 436 1656 impexos
452 1604 517 1639 retro
526 1586 599 1640 dabat
612 1607 668 1639 aura
677 1590 798 1655 capillos3

203 1673 327 1736 nullaque
344 1669 423 1719 forma
435 1667 493 1732 fugi
507 1666 547 1716 est.
560 1665 606 1717 Sed
619 1670 684 1717 euim
694 1685 745 1718 non
755 1668 852 1719 sustinet
860 1668 936 1718 ultrei
945 1674 975 1719 30

203 1748 306 1800 Perdere
317 1745 445 1797 blanditias
459 1748 551 1811 juvenis
562 1745 628 1796 Deus
636 1765 643 1795 e
652 1763 726 1815 utque
739 1747 854 1798 movebat

204 1827 257 1891 lpse
268 1829 358 1885 Amor,
377 1821 479 1875 admiffo
492 1827 598 1890 sequitur
611 1826 709 1891 vestigia
719 1823 795 1893 palso.

203 1904 239 1953 Ut
254 1906 356 1954 canisio
369 1919 446 1953 vacuo
458 1902 563 1966 leporem
574 1919 630 1951 tum
645 1895 752 1954 Gallicus
767 1921 827 1954 arvo

202 1981 273 2031 Vidit
283 2000 291 2041 ς
307 1985 332 2031 δι
342 1984 381 2030 hic
392 1978 497 2047 predam
509 1979 607 2047 pedibus
616 1985 694 2050 petit,
706 1982 748 2033 ille
756 1983 869 2035 salutem.
945 2024 960 2037 ,

202 2059 272 2110 Alter
288 2060 407 2109 inhaesuro
420 2059 521 2121 similis,
532 2064 689 2128 jamjamque
703 2077 783 2112 tenete
928 2067 971 2116 535

203 2142 304 2204 Sperat,
318 2141 343 2188 δι
359 2153 456 2188 extento
466 2138 558 2204 stringit
569 2139 668 2204 vestigia
679 2142 755 2190 rostro
768 2158 778 2199 3

202 2219 272 2268 Alter
289 2219 315 2266 in
329 2217 443 2281 ambiguo
459 2216 508 2276 est,
521 2220 596 2267 ausit
613 2215 756 2287 deprensus,
771 2221 796 2268 δι
812 2221 868 2291 ipsis

202 2297 327 2346 Morsibus
344 2297 463 2360 eripitur:
478 2297 645 2362 tangentiaque
660 2315 702 2349 ora
719 2298 843 2363 relinquit.

202 2377 243 2424 Sic
262 2374 343 2434 Deus,
367 2377 391 2422 bt
404 2377 472 2438 virgo
483 2373 529 2422 est:
541 2377 579 2422 hic
591 2376 631 2439 spe
641 2375 721 2434 celer,
736 2376 778 2426 illu
793 2381 889 2426 timore.
981 2421 985 2428 .

203 2453 253 2513 Qui
270 2467 352 2502 tamen
370 2453 518 2516 insequitur,
537 2454 621 2515 pennis
636 2450 731 2518 adjutus
745 2455 857 2514 Amoris,
926 2466 975 2510 540

202 2531 279 2580 Ocior
289 2530 337 2589 est,
349 2531 502 2594 requiemque
513 2544 584 2593 negat
598 2548 605 2577 e
618 2544 733 2595 tergoque
745 2530 826 2594 fugati

202 2609 335 2667 lmminett
353 2611 377 2656 δι
389 2609 479 2656 crinem
491 2608 596 2671 sparsum
608 2609 739 2656 cervicibus
749 2608 824 2660 afflat.

202 2681 301 2736 Viribus
312 2687 425 2735 absumtis
439 2685 555 2750 expalluit
566 2685 624 2732 illa:
634 2688 736 2749 ciraeque

202 2764 272 2813 vieta
290 2763 372 2812 labore
385 2761 462 2828 fugo,
479 2763 582 2826 fpeblans
594 2758 707 2809 Peneidas
718 2760 810 2820 undas,

202 2844 221 2892 Γ
223 2861 262 2901 er,
277 2857 357 2907 pater,
370 2844 448 2907 inquit
458 2875 465 2899 ,
476 2856 564 2904 opern3
577 2841 597 2887 si
608 2836 708 2887 flumina
719 2853 809 2886 numen
819 2838 968 2900 habetis.545

201 2920 258 2981 Qud
268 2923 372 2970 nimium
390 2919 487 2985 placui,
502 2916 603 2977 Tellus,
617 2932 658 2966 aut
670 2917 748 2974 hiscet
761 2915 800 2967 vel
811 2916 898 2987 illam,

201 2999 263 3058 Quae
275 2997 334 3047 facit
347 3013 374 3046 ut
390 2995 478 3056 laedar,
495 2994 613 3046 mutando
625 2993 696 3060 perde
712 2993 822 3060 figuram.

200 3077 250 3125 Vix
262 3093 332 3140 prece
344 3075 428 3136 finiti,
446 3067 528 3139 t‘otpor
538 3077 616 3140 gravis
627 3073 710 3138 alligat
720 3089 783 3123 artus
794 3094 801 3125 e

200 3153 291 3202 Mollia
306 3156 435 3218 cinguntur
451 3157 515 3201 tenui
530 3150 660 3217 praecotdla
675 3152 746 3201 libro.

200 3232 230 3286 ln
251 3230 364 3286 frondem
374 3235 467 3293 crines,
479 3233 510 3284 in
521 3247 601 3283 ramos
612 3231 707 3282 brachiu
719 3231 843 3287 creseuntt
918 3255 964 3302 550
