2334 4150
301 557 368 622 286
440 549 483 620 P.
507 539 663 619 Ournrr
684 551 880 618 Nasonis

251 677 364 727 notter
377 674 437 726 nihil
449 673 537 740 gestum
549 707 558 732 ‚
570 671 632 722 nihil
642 671 674 720 eil
684 707 691 731 ,
703 669 823 720 Diomede
834 685 936 720 remoto.

298 757 322 804 Si
334 754 405 803 semel
416 754 459 802 ista
468 751 529 801 datis
539 753 631 800 metitis
641 765 690 799 tam
702 749 789 799 vilibus
800 767 865 799 arms
874 786 882 808 ‚

296 831 419 883 Dividire:
430 836 454 881 δι
466 835 544 896 major
555 849 608 898 pars
615 833 647 880 sit
657 828 783 880 Diomedis
793 833 819 878 in
830 829 889 878 illis.

295 909 352 971 Quo
361 924 440 960 tamen
451 915 500 958 haec
513 911 613 959 Ithaco?
625 913 666 975 qni
676 909 749 968 ciam,
762 909 804 973 qui
814 907 907 972 semper
916 906 1007 954 inermis

296 987 355 1036 Rem
370 991 431 1052 gerit
443 1021 451 1048 ,
469 991 493 1037 bt
507 987 576 1036 furtis
587 990 710 1036 incautum
720 984 810 1052 decipit
820 985 922 1034 hostem.
1047 991 1049 995 '

248 1067 344 1131 ¹⁰5lpse
356 1069 420 1114 nitor
431 1065 504 1132 galeae
515 1100 524 1125 ,
536 1065 602 1114 claro
613 1063 725 1114 radiantis
736 1065 766 1113 ab
777 1081 835 1113 auro
847 1099 857 1124 ‚

293 1141 391 1193 Insidias
402 1141 507 1208 prodet,
522 1143 727 1208 manifestabitque
738 1142 864 1193 latentem.

293 1219 338 1270 Sed
352 1237 429 1286 neque
440 1221 566 1270 Dulichius
579 1222 620 1269 sub
636 1220 735 1269 Achillis
745 1218 835 1268 casside
850 1233 930 1268 vertex

292 1296 400 1346 Pondere
411 1313 476 1348 tanta
492 1298 551 1348 fetet
563 1317 569 1348 ε
583 1314 687 1347 necnon
697 1299 797 1347 onerosa
808 1300 933 1362 gravisque

291 1375 366 1429 Pelias
382 1373 428 1424 effe
441 1377 516 1442 potest
527 1375 663 1425 imbellibus
676 1374 853 1425 hallalacertir.

245 1451 342 1500 ttoNee
360 1452 478 1519 clypeus,
494 1455 552 1504 vasti
563 1455 658 1503 calatus
669 1456 772 1517 imagine
783 1455 886 1514 mundi,

290 1529 428 1582 Conveniet
443 1531 532 1582 rimidae
542 1567 550 1592 ‚
562 1547 669 1598 nataeque
680 1529 710 1581 ad
721 1531 785 1580 furta
794 1532 901 1580 sinistrae.

292 1609 483 1662 Debilitarurum
498 1609 557 1676 quid
573 1623 597 1659 te
611 1612 686 1674 peris,
698 1609 823 1673 improbe,
837 1610 939 1657 munus!

290 1685 365 1747 Quod
382 1689 425 1736 tibi
437 1677 455 1737 si
466 1688 551 1754 populi
562 1685 687 1736 donaverit
698 1702 762 1735 error
773 1688 877 1744 Achivi3

290 1763 342 1814 Cur
352 1766 475 1830 spolieris,
488 1770 549 1825 erity
567 1782 634 1821 non,
646 1782 688 1814 cur
700 1767 813 1813 metuaris
824 1764 854 1812 ab
865 1763 939 1813 hoste.

242 1841 319 1898 1¹5Er
335 1843 390 1907 fuga
400 1879 407 1903 ,
419 1843 467 1908 qui
479 1842 529 1892 soli
541 1847 658 1902 cunnos,
672 1842 841 1903 timidissime,
855 1844 948 1900 vincis,

287 1917 367 1969 Tarda
378 1920 456 1970 sutura
468 1922 511 1970 tibi
526 1921 558 1971 eli
569 1955 577 1981 ,
590 1921 720 1986 gestamina
734 1935 799 1970 tanta
811 1923 924 1969 trahenti.

287 1997 356 2048 Adde
368 2035 376 2059 ,
386 1997 452 2066 quod
467 2000 507 2048 iste
519 2014 589 2059 tuus,
601 2015 651 2048 tarn
663 1997 717 2047 rarb
728 2000 813 2063 proelia
825 1995 901 2064 pail'us
913 2033 923 2059 ,

286 2078 380 2144 integer
390 2080 422 2128 est
433 2078 529 2144 clypeus
539 2098 544 2125 :
554 2078 635 2128 nostro
646 2112 655 2137 ‚
666 2081 708 2143 qui
719 2077 768 2128 tela
779 2073 879 2126 ferendo

286 2156 357 2205 Mille
369 2172 433 2221 patet
445 2157 520 2221 plagii
530 2191 537 2215 ,
549 2173 625 2205 novus
637 2156 670 2205 est
679 2153 796 2205 sncceilor
806 2152 938 2204 habendus.

240 2234 414 2299 120Deniqrre‚
434 2232 492 2299 quid
504 2236 580 2283 verbis
591 2250 650 2299 opus
662 2234 711 2282 esti
723 2235 853 2298 speilemur
864 2230 956 2297 agendo
967 2248 973 2281 r

285 2312 358 2360 Arma
366 2313 410 2359 viri
425 2311 493 2359 fortis
504 2310 597 2360 medios
605 2314 730 2361 mittantur
739 2314 766 2359 in
775 2310 852 2359 hostes
862 2328 870 2368 3

284 2387 343 2437 inde
352 2390 434 2454 jubete
447 2391 497 2453 peri
504 2424 513 2449 ‚
530 2389 707 2439 &referentem
721 2403 803 2439 ornare
814 2387 903 2437 relatis.

316 2546 335 2595 F
335 2546 420 2596 inierat
430 2545 563 2597 Telamone
573 2549 634 2597 satus
648 2547 778 2615 ‚vulgique
788 2551 897 2597 secutum
962 2574 967 2584 ·

230 2668 233 2679 ‚
284 2622 378 2672 Ultima
388 2641 496 2675 murmur
511 2640 561 2675 erat
573 2645 579 2675 ι
594 2624 671 2675 donec
682 2626 787 2675 La'e'rtius
799 2627 870 2673 heros

240 2700 363 2762 125Astirit
376 2720 382 2777 ᾗ
395 2716 466 2768 atque
482 2703 583 2763 oculos,
596 2704 694 2769 paulum
707 2690 790 2752 tellure
806 2720 933 2763 moratos,

286 2778 382 2827 Sullulit
396 2777 428 2829 ad
440 2796 547 2845 proceres
557 2799 564 2839 3
576 2783 755 2847 exspeiiaroque
765 2781 864 2831 resolvit

285 2856 333 2906 Ora
345 2857 405 2927 sono
417 2874 422 2905 :
432 2872 508 2923 neque
519 2859 582 2907 abest
593 2856 701 2908 facundis
711 2859 787 2923 gratia
797 2856 874 2907 dinis.

316 2934 340 2982 Si
353 2950 406 2982 mea
416 2950 471 2982 cum
482 2934 561 2984 vestris
573 2930 700 2983 valuiilent
709 2948 766 2983 vota
777 2967 787 2993 ,
806 2935 915 3001 Pelasgi,

284 3011 341 3062 Non
353 3011 416 3059 foret
428 3012 552 3077 ambiguus
563 3016 624 3061 tanti
635 3015 770 3061 certaminis
779 3016 864 3072 heres;

237 3088 368 3166 ¹30Tuque
380 3090 426 3137 tuis
444 3092 529 3148 armis,
545 3105 589 3138 nos
601 3103 780 3154 repeterentur,
792 3090 896 3142 Achille.

283 3162 361 3222 Quem
372 3166 502 3229 quoniam,
513 3180 563 3214 non
574 3182 642 3231 aeqna
651 3168 711 3215 mihi
721 3168 837 3233 vobisque
848 3203 856 3228 ,
869 3170 986 3235 negirunr

247 3258 250 3265 ⁴
282 3240 299 3286 f
302 3255 355 3299 κως
374 3241 383 3306 (
398 3258 516 3309 manuque
529 3243 600 3295 simul
610 3242 685 3296 veluti
694 3244 851 3310 lacrymantia
863 3253 932 3299 tersit
