2334 4150
256 530 682 600 Mrrauoaruosnon
698 531 736 596 L
753 515 832 596 XVss
855 555 919 618 339

206 644 260 702 Effe
270 651 335 708 loci,
355 655 486 718 posittque
502 651 568 702 lulis
583 654 611 700 in
623 649 710 700 finibus
722 651 794 700 urbis.

240 730 284 779 Vir
300 730 347 782 fuit
357 729 399 780 hic
408 744 464 780 ortu
474 727 635 780 Samiutesed
646 729 740 794 fugerat
752 727 801 778 und
937 727 971 780 ‘60

207 804 239 856 Et
256 811 344 859 Samon
360 813 386 859 ὃ(
401 809 536 870 dominos,
552 807 658 874 odioque
670 806 802 871 tyrannidis
813 806 878 856 exsul

205 887 297 950 Sponte
308 902 358 938 erat
369 908 376 937 r
389 892 471 954 isque,
486 889 545 938 licet
553 887 610 936 curli
620 889 716 952 regione
732 900 860 947 remotos,
954 911 957 920 ι

208 963 292 1014 Mente
302 965 367 1016 Deos
381 966 443 1016 adiit
454 984 462 1026 ς
475 971 519 1025 δι,
534 981 588 1032 que
601 980 687 1017 natura
699 966 803 1028 negabat

208 1040 303 1092 Visibus
322 1047 450 1103 humanit,
466 1044 544 1094 oculis
555 1061 583 1092 ea
594 1047 693 1108 pesleris
704 1045 792 1092 hausit.

208 1118 322 1187 Crlmque
332 1126 414 1172 animo
426 1157 434 1176 ,
451 1127 477 1172 bt
487 1122 556 1187 vigili
566 1125 713 1188 perspexerat
725 1123 807 1170 omnia
819 1119 893 1173 curi.
945 1128 959 1164 6
963 1133 975 1176 t
1058 1126 1061 1130 ’

207 1199 238 1247 ln
254 1198 362 1250 medium
372 1199 485 1252 discenda
496 1199 568 1250 dabat
579 1219 584 1248 t
600 1216 739 1266 ccetumque
752 1197 883 1258 silentium,

207 1275 325 1344 Dictaque
335 1280 484 1339 mirantium,
495 1283 578 1344 magni
592 1278 725 1346 primordia
739 1277 844 1342 mundi,

208 1355 240 1404 Et
253 1373 332 1405 rerum
348 1358 429 1407 causas
443 1361 488 1416 ,δι
503 1355 562 1422 quid
573 1371 674 1410 natura,
693 1355 813 1413 docebat;

208 1429 276 1490 Quid
286 1432 367 1486 Deus,
385 1433 449 1482 unde
463 1437 529 1481 nivet
540 1465 548 1492 ,
560 1447 613 1498 qua
624 1433 732 1480 fulminis
743 1431 801 1480 ellet
812 1435 881 1496 otigo
894 1451 900 1481 =

208 1507 331 1572 luppiter,
348 1524 379 1558 an
393 1512 473 1568 venti,
495 1507 598 1558 discussi
610 1510 685 1563 nube,
699 1525 824 1566 conarentt
945 1523 977 1567 70

210 1582 277 1645 Quid
287 1600 396 1651 quateret
408 1603 499 1645 terras,
513 1586 562 1652 qui
571 1585 648 1635 sidera
664 1586 715 1650 lege
731 1601 853 1644 mearent,

207 1665 243 1717 Er
252 1662 422 1731 quodcumque
434 1663 502 1713 lutet.
513 1665 652 1729 Primusque
664 1663 776 1712 animalia
786 1667 873 1712 mensis

208 1745 294 1794 Arcuit
304 1744 398 1805 imponi
410 1760 416 1788 r
429 1744 517 1806 primus
528 1757 625 1807 quoque
634 1741 720 1790 talibus
730 1755 773 1792 ora

210 1821 288 1872 Deua
298 1818 397 1886 quidem
409 1819 501 1880 solvit,
517 1817 623 1869 sednon
640 1823 665 1869 bt
682 1817 791 1880 credita,
808 1820 894 1869 verbis.

243 1899 356 1956 Parcite,
378 1898 511 1957 mortales,
531 1894 632 1962 dapibus
644 1911 757 1946 temerare
772 1895 881 1948 nefandis
947 1921 975 1966 75

210 1976 329 2041 Corpora.
341 1977 401 2024 Sunt
412 1975 491 2040 fruges
502 1993 508 2024 ι
520 1977 574 2023 sunt
584 1972 728 2024 deducentia
739 1991 817 2022 ramos

210 2053 319 2105 Pondere
329 2070 402 2119 poma
416 2054 475 2109 suu,
492 2051 638 2118 tumideque
649 2055 674 2101 in
685 2054 773 2102 vitibus
784 2068 834 2102 uvae
846 2071 854 2113 ς

212 2136 271 2181 Sunt
282 2130 448 2180 herbaedulces
457 2149 463 2179 ι
472 2132 527 2179 sunt
534 2165 543 2191 ,
558 2146 612 2197 quae
621 2131 744 2179 mitescere
750 2129 863 2185 flammi,

211 2209 354 2273 Mollirique
364 2222 463 2272 queant.
475 2208 528 2258 Nec
537 2210 607 2258 robis
619 2207 704 2257 lasleus
712 2210 800 2257 humor
813 2244 821 2267 ‚

210 2285 337 2351 Eripitur‚
352 2301 397 2335 nec
406 2285 479 2334 mella
492 2288 571 2349 thymi
584 2284 718 2335 redolentia
732 2284 827 2336 florem.
948 2303 979 2350 30

210 2363 314 2428 Prodiga
329 2362 425 2414 divitias
440 2364 602 2433 alimentaque
617 2366 686 2413 mitia
697 2362 767 2414 tellus

211 2444 336 2507 suggerit:
345 2455 416 2509 atque
426 2441 507 2506 epulas
518 2445 567 2491 sine
577 2439 642 2491 caede
654 2444 679 2490 bt
689 2441 801 2508 sanguine
815 2445 912 2508 prabet.

211 2520 291 2572 Carne
303 2518 359 2568 fetae
372 2517 571 2584 sedantJejunias
585 2534 629 2567 nec
645 2534 725 2568 tamen
738 2535 831 2569 omnes.

211 2596 307 2663 Quippe
318 2612 402 2661 equus,
414 2599 439 2644 ὃ(
450 2594 562 2659 pecudes,
575 2610 709 2661 armentaq3
722 2600 929 2660 graminevivunr.

212 2674 245 2723 At
257 2675 343 2738 quibus
353 2674 476 2735 ingenium
485 2673 517 2719 est
527 2674 776 2739 immansuetumque,
794 2675 928 2743 serumque,
948 2696 975 2755 ες

211 2750 331 2798 Armeniae
341 2752 425 2812 tigres,
444 2747 600 2813 iracundique
613 2748 709 2804 leones,

212 2824 327 2891 Cumque
345 2825 406 2890 lupis
418 2828 482 2885 ursi,
494 2823 595 2891 dapibus
607 2842 663 2875 curn
678 2828 789 2891 sanguine
800 2830 912 2895 gaudent.

212 2904 284 2955 Heu!
301 2918 417 2969 quantum
429 2903 504 2952 scelus
515 2903 564 2962 est,
577 2905 700 2954 inviscera
711 2906 800 2955 viscera
812 2908 884 2959 condi
896 2913 901 2959 l

211 2981 383 3048 Congestoque
394 2980 490 3032 avidum
502 2984 652 3047 pinguescere
663 2999 763 3049 corpore
779 2988 880 3052 corpus!

213 3060 362 3128 Alteriusque
373 3062 520 3110 animantem
537 3064 666 3111 animantis
681 3065 760 3114 vivere
773 3062 838 3113 lero!
946 3094 978 3138 90

213 3137 310 3187 Scilicet
325 3141 351 3187 in
368 3141 439 3187 tantis
449 3139 552 3203 opibus,
571 3156 629 3205 quas
640 3144 732 3206 optima
745 3156 848 3193 matrum

215 3214 288 3265 Terra
305 3219 382 3281 parit,
399 3216 434 3266 nil
450 3230 474 3267 te
484 3218 529 3267 nisi
538 3218 611 3268 tristia
622 3218 735 3269 mandere
745 3221 806 3269 sevo

742 3298 765 3345 Ρ·
775 3300 792 3362 ij
