2334 4150
270 503 334 566 128
377 502 381 508 ⁴
423 474 466 566 P.
482 497 639 565 Orrorr
654 499 849 566 Nasutus

268 619 350 668 Altera
358 635 401 684 pet
410 617 518 685 jugulum
528 621 611 682 pennis
624 634 691 668 tenus
701 622 750 668 asir
761 622 846 685 sagitta
860 619 903 672 eli.

267 697 366 763 Expulit
375 700 435 746 hanc
446 698 556 760 sanguise
569 697 639 761 seque
648 696 777 761 ejaculatus
788 701 813 746 in
824 697 902 746 altum

221 776 362 825 ²⁶0Emicat
372 809 381 834 ,
397 777 421 822 bt
432 771 505 838 longi
515 773 632 823 terebrari
642 773 736 837 prosilit
746 775 811 826 auri.

267 855 374 903 Ultimus
384 851 488 900 llioneus
497 867 548 900 uon
561 850 695 915 professura
705 850 824 916 precando

266 933 368 984 Brachia
376 926 611 995 sustulerarssDique
622 927 654 976 b!
666 933 826 980 communiter
837 945 943 990 omnes,

267 1008 382 1060 Dixerat,
398 1008 493 1071 ignarus
503 1023 554 1056 uon
564 1021 647 1056 omnes
658 1003 704 1055 elle
714 1006 833 1072 rogandos
843 1042 851 1068 ,

268 1087 367 1135 Parcite.
379 1084 463 1134 Motus
472 1100 541 1144 erat,
552 1084 610 1134 crim-
618 1087 667 1148 jam
678 1085 810 1138 revocabile
824 1085 902 1138 telum.

222 1163 326 1214 ²⁶5Non
335 1162 402 1223 fuit,
417 1165 554 1214 Arcitenens
565 1181 573 1210 r
584 1164 687 1212 minimo
699 1175 780 1216 tamen
790 1161 880 1214 occidit
890 1162 933 1216 ille

269 1241 374 1291 Vulnere
386 1257 396 1300 ·,
408 1257 459 1294 oon
469 1239 519 1292 alti
528 1237 637 1306 perculso
647 1239 720 1292 corde
733 1243 830 1308 lapitri.

300 1400 373 1450 Fama
384 1402 460 1463 mali,
474 1401 605 1470 populique
616 1401 704 1464 dolor,
718 1405 875 1468 lacrymaque
886 1403 986 1452 suorum

269 1478 332 1527 Tam
343 1480 425 1529 subite
435 1495 537 1530 matrem
547 1496 638 1532 certam
649 1481 726 1532 fecere
737 1484 827 1540 ruina,
870 1531 873 1538 ,

270 1556 401 1606 Mirantem
411 1555 514 1624 potuisse
523 1577 531 1618 ς
541 1561 729 1625 irascentemque
738 1594 747 1619 ,
761 1558 827 1625 quod
837 1560 889 1614 ausi

224 1634 326 1684 ι7οΗοε
336 1632 411 1684 essent
421 1637 520 1701 Superi,
532 1635 600 1702 quod
611 1652 703 1690 taurum
713 1639 771 1702 juris
781 1638 905 1686 haberent.

271 1712 412 1777 Nampatet
421 1715 560 1776 Amphion,
574 1713 638 1762 ferro
649 1730 690 1776 per
703 1716 782 1777 pestus
792 1710 897 1772 adaslo,

271 1791 375 1838 finierat
384 1791 489 1838 moriens
499 1793 586 1852 pariter
600 1805 656 1837 cum
667 1788 720 1838 luce
731 1787 851 1837 dolorem.

270 1867 325 1916 Heu
336 1868 343 1915 i
353 1881 471 1932 quantum
481 1868 530 1916 hec
542 1866 621 1916 Niobe
633 1865 711 1915 Niobe
725 1863 827 1916 distabat
838 1867 866 1914 ab
880 1866 922 1914 illa
934 1902 946 1926 s

273 1945 332 2006 Quae
343 1943 418 2002 morib
427 1946 509 1995 Latois
519 1945 639 2010 populum
647 1945 799 1994 submoverat
809 1943 871 1993 aris!

120 2029 122 2034 ·
225 2023 304 2073 275Et
312 2021 416 2072 mediam
428 2022 516 2079 tulerat
527 2020 615 2089 gressus
626 2024 733 2089 resupina
743 2039 784 2089 per
795 2023 894 2084 urbem,

274 2101 395 2153 invidiosa
403 2103 466 2153 suis!
479 2118 503 2151 at
512 2119 575 2153 nunc
586 2100 718 2153 miseranda
728 2100 767 2152 vel
778 2100 848 2150 hosti.

274 2181 423 2247 Corporibus
432 2179 517 2245 gelidIs
527 2182 646 2231 incumbit
658 2200 664 2229 s
678 2184 701 2231 δι
716 2177 799 2229 ordine
811 2177 879 2227 nullo

274 2259 363 2307 Oscula
371 2257 490 2323 dispensat
499 2274 568 2309 natos
578 2260 688 2322 suprema
698 2274 739 2323 pes
750 2272 843 2307 omnes.

274 2338 295 2385 A
305 2338 389 2402 quibus
399 2335 431 2387 acl
441 2336 531 2386 coslum
542 2335 641 2385 liventia
652 2336 747 2383 brachia
759 2332 874 2392 tendens,

227 2404 390 2473 2⁸0Pascere,
406 2411 528 2471 crudelis,
545 2413 645 2470 nostro,
663 2412 777 2471 Latona,
793 2409 877 2460 dolore
890 2429 901 2463 s

275 2492 388 2550 Pascete,
403 2493 456 2547 ait3
474 2491 578 2553 satisque
589 2505 645 2537 meo
659 2503 699 2537 tua
712 2490 806 2553 peslora
819 2488 903 2541 lusius

276 2567 374 2632 Corque
383 2566 460 2620 serum
472 2567 548 2625 satia,
560 2563 631 2619 dixit.
642 2566 686 2621 Per
701 2566 783 2619 fimeta
794 2566 884 2630 septem

276 2643 369 2699 Efferus
380 2662 386 2693 s
397 2643 504 2703 exsulta,
520 2645 651 2709 sibrixque
663 2645 761 2694 inimica
775 2635 909 2709 triumpha

277 2722 329 2773 Cur
343 2736 422 2771 autem
436 2724 538 2775 viarii?
553 2724 644 2771 misere
658 2724 718 2771 milti
729 2722 798 2789 plura
809 2722 951 2786 supersunt,

186 2860 190 2864 “
231 2793 360 2859 eirQusm
371 2799 414 2849 cibi
425 2799 489 2849 felici
500 2818 506 2847 s
518 2799 571 2864 post
581 2815 619 2849 tot
629 2816 725 2865 quoque
736 2800 818 2849 funera
828 2802 909 2849 vinco.

276 2879 392 2929 Dixerat:
404 2879 510 2926 insonuit
519 2892 637 2931 contento,
645 2894 729 2927 nervus
740 2878 769 2925 ab
781 2892 835 2925 arcu
846 2911 854 2935 ,

280 2958 346 3016 Qui,
362 2970 445 3021 prater
453 2954 550 3003 Nioben
559 2972 650 3015 unam,
662 2956 791 3009 conterruit
802 2969 893 3007 omnes.

276 3033 323 3083 Illa
332 3033 397 3083 milo
408 3033 440 3081 est
453 3030 528 3081 audax
539 3052 546 3081 ι
557 3034 648 3081 stabant
659 3048 716 3083 cum
725 3030 823 3081 vestibus
837 3032 892 3079 atris

277 3112 340 3161 Ante
350 3127 414 3161 toros
425 3110 525 3161 fratrum
535 3107 640 3159 demisso
648 3112 712 3157 crine
724 3110 822 3155 sorores.

230 3189 298 3238 250ss
307 3191 392 3259 qubus
403 3204 465 3245 uua,
482 3188 698 3243 uehensbereutia
708 3187 794 3243 viscere
805 3184 857 3241 tela

1087 909 1092 982 l
