2334 4150
297 553 365 651 '356
416 543 480 632 Ῥ.
502 561 658 632 Ovrnrr
678 566 873 635 NAsonrrs

292 680 374 748 thue
388 683 509 733 salutiferi
520 687 611 734 miseris
629 688 761 736 succurrere
774 688 843 736 rebus

293 759 361 808 Sorte
370 759 448 815 velit,
466 776 583 828 tanteque
594 765 658 812 urbis
668 766 731 814 mala
746 763 831 824 finiat,
844 779 930 815 orant.

294 835 325 886 Et
341 837 407 887 loeus
419 872 428 898 ,
447 841 471 888 dt
483 838 581 901 laurus,
598 843 640 901 ᾱ,
651 857 709 907 quas
721 843 792 891 habet
801 841 861 901 ille,
877 844 1013 907 pharetraea

246 910 439 965 6illntremuete
452 917 522 965 simul
536 935 542 966 t
554 921 694 984 cortinaque
705 917 812 968 reddidit
824 923 877 968 imo

294 991 361 1041 liant
380 990 456 1056 adyto
464 1009 568 1055 rotenia
583 995 751 1062 pavefaiiaque
762 999 857 1061 pediota
871 998 973 1054 movit}

294 1067 367 1128 Quod
382 1074 442 1136 perit
458 1073 534 1132 hine,
549 1075 660 1138 propiore
672 1073 743 1133 loco,
759 1074 885 1132 Romane,
899 1071 1012 1137 petiises3
1068 1119 1072 1137 ,,

293 1143 325 1194 Et
338 1161 391 1211 pete
401 1162 465 1197 nnnc
475 1151 587 1214 propiore
597 1149 669 1199 lotoe
680 1167 724 1200 nec
732 1150 845 1216 Apolline
855 1152 926 1200 vobis
936 1185 945 1210 ‚

293 1219 341 1281 Qui
359 1224 451 1270 minuat
468 1222 560 1283 lulius,
573 1240 633 1288 opus
644 1226 677 1273 est
689 1243 696 1284 ς
710 1223 749 1274 sed
760 1225 874 1290 Apolline
884 1241 955 1275 stato.

245 1297 327 1348 ‘eolre
338 1299 406 1346 bonis
417 1299 518 1357 avibus,
536 1301 678 1368 prolemque
694 1306 805 1351 arcessite
820 1302 934 1353 nostram.

291 1371 355 1424 Jull'a
372 1373 421 1424 Dei
438 1375 540 1441 prudens
548 1377 599 1442 post
609 1377 684 1444 quim
695 1378 807 1445 accepire
815 1382 913 1430 Senatus
923 1396 932 1438 3

292 1451 374 1513 Quam
385 1454 469 1515 colat,
487 1455 625 1519 explorant,
636 1459 727 1522 juvenis
738 1457 866 1508 Phoebei'us
877 1457 980 1517 urbema

293 1531 390 1597 Quique
399 1546 483 1598 petant
492 1537 567 1582 ventis
577 1532 705 1598 Epidauria
713 1534 800 1595 litora,
811 1536 926 1586 mittunt.
978 1587 981 1596 Δ

294 1609 354 1668 Qu:
365 1610 436 1660 simul
447 1611 545 1661 incurvi
554 1613 619 1660 misti
631 1615 728 1678 tetigere
744 1611 824 1661 earini
831 1629 840 1669 ς

246 1687 436 1742 6¹ilConciliurrr
446 1691 579 1756 Grajosqtte
588 1703 665 1754 patres
673 1687 751 1738 adiere
760 1709 767 1738 e
781 1688 914 1756 darentque

294 1764 399 1813 Orarere
413 1765 493 1814 Deum
505 1801 514 1826 ‚
532 1769 573 1831 qui
585 1768 684 1831 praesens
695 1765 778 1816 funeta
789 1770 866 1832 gentis

293 1841 373 1890 finiat
388 1844 512 1892 Ausonia:
522 1858 598 1892 certas
609 1847 644 1893 ita
653 1843 732 1894 dicere
740 1845 823 1895 sortes.

292 1915 435 1969 Dissidet&
447 1924 525 1970 variat
535 1923 651 1971 sententia
664 1941 670 1971 r
682 1937 782 1988 parsque
797 1923 937 1988 negandum

293 1995 352 2045 Non
365 2012 434 2062 putat
446 1998 576 2058 auxilium
591 1998 662 2052 multi
672 1999 783 2060 renuite,
799 2002 911 2066 suamque

245 2062 352 2124 ‘50N0n
364 2079 472 2126 emittere
482 2092 553 2142 opem
564 2111 572 2137 ‚
585 2094 629 2126 nee
640 2080 738 2126 numina
747 2076 837 2129 eradere
848 2076 960 2130 suadent.

294 2150 361 2201 Dum
375 2151 506 2215 dubitarit,
521 2156 596 2203 seram
609 2154 719 2221 pepulere
731 2156 866 2230 crepuscula
878 2155 960 2206 lucem
969 2153 984 2218 ,'

293 2228 434 2296 Umbraque
448 2231 540 2281 telluris
549 2234 655 2281 tenebras
666 2230 790 2283 induxerat
800 2234 869 2292 orbis

294 2304 361 2357 cnm
379 2306 436 2357 deus
446 2311 471 2357 in
486 2311 576 2358 somnis
584 2308 664 2376 opifer
677 2309 801 2359 consistere
811 2312 873 2361 risus

259 2440 268 2453 υ
294 2382 356 2431 Ante
373 2398 458 2441 tetum,
475 2387 603 2447 Romane,
614 2401 711 2445 toruma
723 2386 764 2437 sed
774 2387 851 2453 qualis
860 2391 885 2437 itt
897 2387 949 2439 ade

245 2454 346 2509 ‘ssEsle
363 2461 424 2510 solet
435 2480 441 2509 t
452 2462 611 2529 baculumque
623 2465 801 2531 tenensagreste
813 2465 906 2517 sinistri
917 2500 928 2527 ,

292 2536 421 2589 Caesatiem
429 2538 508 2605 longe
516 2538 600 2590 dextri
609 2539 727 2592 deducere
734 2543 829 2603 barbe,

292 2615 325 2665 Et
334 2614 433 2681 placido
440 2618 497 2666 tales
508 2622 618 2668 emittere
628 2622 721 2683 pedore
734 2636 814 2670 voces.

293 2694 359 2743 Pone
369 2708 447 2743 metus
457 2698 568 2745 eveniant
576 2730 584 2756 ,
592 2698 766 2763 simulacraque
772 2697 853 2749 nostra
862 2688 1012 2766 relinquant.⁸

293 2772 364 2822 Hunc
373 2772 450 2823 modis
461 2775 610 2838 serpentem,
628 2775 740 2825 baculum
750 2778 792 2841 qni
802 2778 901 2825 nexibus
912 2778 1003 2837 ambit,

245 2851 400 2915 ecoierspiee
411 2869 418 2901 a
430 2855 454 2900 δι
466 2867 540 2917 utque
551 2868 609 2901 nota
619 2854 670 2901 visu
680 2887 689 2913 ,
707 2868 734 2903 ut
744 2852 887 2918 cognoscere
898 2858 979 2918 possis.

293 2928 379 2979 Vertar
391 2932 417 2978 ln
431 2930 495 2978 hune
506 2946 515 2987 5
525 2928 566 2979 sed
576 2927 654 2995 m'ajor
662 2946 703 2979 ero
715 2949 721 2979 e
734 2946 859 2995 tentusque
870 2929 983 2991 videbor,

293 3006 320 3055 lrt
331 3020 446 3072 quantum
458 3009 517 3056 terti
533 3007 637 3057 eoelestia
648 3024 748 3073 corpora
758 3006 855 3057 debent.

293 3083 420 3149 Extemplo
430 3100 485 3132 eum
495 3100 555 3134 sote
561 3083 627 3134 Deus
639 3120 647 3145 ,
662 3100 718 3134 cum
728 3101 788 3134 voce
798 3084 900 3151 Deoque

293 3164 396 3210 Somnus
411 3163 461 3211 abit
471 3179 478 3209 e
490 3163 615 3228 somnique
631 3162 712 3226 fugam
729 3161 769 3211 lus
783 3161 846 3210 alma
856 3165 935 3215 secuta
945 3163 985 3215 est.

245 3239 289 3291 665
325 3237 418 3287 Possera
429 3236 533 3289 sidereos
547 3239 639 3303 Aurora
649 3238 772 3305 fugaverat
786 3241 866 3306 ignea
