2334 4150
262 561 328 633 302
403 531 447 609 P.
470 532 627 604 Orrurr
644 529 839 600 Nasum

208 665 360 724 640Munera
369 676 425 712 cum
434 656 528 726 liquido
539 657 636 721 capiunt
647 650 759 706 Cerealia
771 649 878 701 Baccho.

256 744 322 793 Tum
333 743 386 806 pius
401 737 513 788 Anchises
527 733 579 785 20!
596 733 682 783 Phoebi
702 730 761 788 leole
778 723 907 785 sacerdos,

255 819 337 869 fallor
348 825 359 871 i
379 833 409 867 au
421 820 446 866 oc
459 829 557 867 natum,
568 812 625 862 eum
636 809 740 876 primum
749 810 799 856 haec
807 807 898 856 muenia
908 791 979 860 virli,

255 898 342 964 Bisque
359 894 416 945 duas
431 907 515 948 natas,
531 903 650 958 quantum
663 886 820 938 reminiscor,
837 881 962 932 habebas?

255 975 318 1025 Huic
334 976 423 1032 Anius,
440 974 517 1022 niveis
526 965 673 1019 circumdata
685 978 794 1029 tempora
806 962 874 1011 viaria

208 1051 252 1103 ‘45
258 1051 421 1110 Concutiens,
438 1052 464 1098 δι
475 1047 563 1107 tristia,
576 1049 610 1096 ait
621 1064 627 1093 a
637 1044 695 1094 Nou
705 1041 811 1099 falleris,
824 1041 894 1088 heroa

257 1130 363 1180 Maxime
376 1142 504 1177 :natorum
520 1123 601 1176 vidisti
615 1126 721 1188 quinque
735 1131 869 1185 parentem.

257 1208 336 1270 Quem
345 1223 426 1267 nuuc,
438 1221 504 1255 tanta
514 1205 623 1253 homiues
630 1215 710 1249 rerum
720 1195 879 1248 inconstantia
886 1187 977 1244 veriat!

257 1285 327 1334 Paene
342 1283 409 1335 videa
419 1284 505 1333 orbum
515 1278 587 1347 aquid
597 1283 662 1328 enim
670 1279 732 1326 mihi
743 1274 808 1324 filius
818 1274 903 1323 absens

257 1364 363 1413 Auxiliii
373 1378 447 1429 quem
464 1358 527 1409 droa
537 1361 580 1408 suo
592 1355 622 1407 de
633 1358 732 1406 nomine
740 1353 812 1405 tellus

210 1442 354 1512 65olndroe
362 1443 449 1498 habet,
460 1455 504 1508 pro
515 1452 581 1504 patre
594 1437 723 1501 locumque
734 1437 759 1482 ee
767 1446 840 1496 regna
848 1441 978 1480 tenentem·

258 1522 343 1570 Delius
353 1522 479 1586 augurium
496 1510 564 1567 dedit
578 1517 634 1564 huic
646 1531 652 1562 a
664 1510 732 1564 dedit
750 1509 824 1560 altera
835 1509 908 1558 Liber

256 1601 377 1650 Femineae
388 1599 446 1662 sorti
456 1610 517 1648 voto
528 1599 621 1660 majora
631 1589 725 1656 fideque

257 1679 377 1730 Munera:
387 1693 444 1727 nam
460 1677 522 1725 taou
534 1687 644 1722 natarum
655 1671 738 1719 consta
752 1681 862 1718 mearum
893 1703 895 1710 ,

257 1756 287 1805 lu
302 1759 405 1821 segetem
418 1787 427 1815 ,
444 1752 589 1815 laticemque
600 1751 677 1808 meri,
689 1747 835 1810 baccamque
847 1742 964 1793 Minerva

210 1828 500 1885 6lll'eansformabautur
511 1846 518 1877 e
531 1825 646 1892 divesque
658 1839 708 1874 erar
726 1825 780 1872 usur
791 1827 817 1872 in
825 1821 885 1870 illia.

259 1910 313 1960 lloc
332 1909 373 1959 ubi
388 1908 523 1972 cognorit,
540 1905 622 1969 Trojae
632 1902 776 1968 populator,
786 1899 881 1951 Atrides
893 1932 903 1961 ,

259 1987 298 2038 Ne
316 2003 366 2038 uon
376 2002 404 2034 ex
417 1984 498 2050 aliqua
511 1982 612 2034 vestram
627 1976 721 2030 seueill'e
735 1979 867 2044 procellam

258 2065 312 2117 Noe
327 2081 424 2134 quoque
440 2078 506 2130 parte
520 2076 609 2128 putes,
627 2049 749 2109 armorum
760 2057 850 2108 ririlrua
860 2057 934 2119 usur,

259 2144 379 2195 Abstrahir
389 2146 475 2194 invitas
486 2142 579 2207 gremio
590 2141 703 2205 genitoris
716 2157 722 2186 r
734 2138 847 2203 alantque

211 2222 366 2287 ccelmperat
383 2220 522 2287 Argolicam
538 2218 628 2267 coelesli
643 2220 741 2266 munere
755 2213 863 2265 claffern.

260 2298 387 2366 Effugient
395 2316 445 2366 quo
457 2313 557 2364 queque
570 2296 655 2361 potest.
666 2295 758 2344 Euboea
768 2292 879 2355 duabur,

259 2378 291 2429 Et
305 2376 409 2428 totidem
423 2380 484 2425 uaris
496 2374 589 2424 Andros
601 2373 704 2424 fraterna
716 2374 789 2437 petita
800 2372 841 2420 eli.

259 2455 332 2507 Mller
347 2452 412 2503 adest
423 2471 432 2513 ς
443 2456 486 2511 δι,
498 2456 524 2500 ui
535 2449 653 2501 dedantur
664 2484 673 2511 ‚
692 2450 755 2500 bella
764 2452 880 2499 minatur.

95 2578 99 2590 .
206 2566 211 2569 -
259 2534 328 2583 Vleia
338 2547 404 2581 metu
420 2533 494 2596 pietas
505 2530 625 2579 consortia
633 2532 728 2594 pellere
740 2542 818 2593 poenae

211 2611 349 2673 cerDedire
361 2614 386 2661 δι
398 2624 425 2660 ut
440 2606 528 2659 timido
539 2611 613 2673 poesis
625 2609 747 2673 ignoscere
762 2606 846 2667 fratri,

260 2690 318 2742 Nou
335 2691 375 2740 hic
389 2689 493 2747 AEueas,
509 2703 581 2745 nou,
600 2689 642 2753 qui
659 2683 797 2735 defenderet
813 2680 936 2745 Andron,

261 2768 350 2819 Heilor
358 2782 425 2826 erar·‚
436 2783 478 2832 per
487 2782 548 2833 quos
557 2762 679 2815 decimum
689 2761 787 2813 durastis
796 2766 822 2812 iu
830 2778 931 2813 auuuuu

259 2849 361 2914 Jamque
372 2847 514 2913 parabantur
530 2846 630 2909 captivis
646 2841 727 2893 vincla
741 2842 851 2891 lacertia'a

260 2924 311 2975 Illae
329 2925 441 2973 tollentes
459 2925 592 2973 etiamnum
613 2920 687 2970 libera
706 2920 770 2971 eoelo

215 3003 380 3063 670Braehia3
395 3002 584 3067 llaeclre'pater,
604 2999 640 3050 fer
657 3016 746 3065 opem,
765 2998 844 3050 elixare
856 2998 979 3067 erulitque

261 3082 369 3130 Muneris
385 3083 467 3130 auilor
485 3075 600 3145 operneel
615 3082 678 3129 miro
689 3076 786 3144 perdere
797 3096 865 3129 more

261 3158 330 3205 Ferre
341 3172 441 3208 vocatur
450 3174 531 3223 opem.
543 3157 595 3207 Nee
606 3157 654 3224 qui
665 3160 757 3210 rarione
768 3155 870 3223 liguram

261 3229 426 3297 Perdiderint,
437 3238 507 3302 potui
516 3236 594 3293 scire,
605 3248 646 3285 aut
653 3250 717 3286 nune
726 3232 805 3287 dicere
811 3237 912 3302 pereira.
