<?xml version="1.0" encoding="UTF-8"?>
<!DOCTYPE html PUBLIC "-//W3C//DTD XHTML 1.0 Transitional//EN"
    "http://www.w3.org/TR/xhtml1/DTD/xhtml1-transitional.dtd">
<html xmlns="http://www.w3.org/1999/xhtml" xml:lang="en" lang="en">
 <head>
  <title>
</title>
<meta http-equiv="Content-Type" content="text/html;charset=utf-8" />
  <meta name='ocr-system' content='tesseract 3.04.00' />
  <meta name='ocr-capabilities' content='ocr_page ocr_carea ocr_par ocr_line ocrx_word'/>
</head>
<body>
  <div class='ocr_page' id='page_1' title='image "./povidiinasoniso04ovidgoog_0294.png"; bbox 0 0 2334 4150; ppageno 0'>
   <div class='ocr_carea' id='block_1_1' title="bbox 283 525 907 600">
    <p class='ocr_par' dir='ltr' id='par_1_1' title="bbox 283 525 907 600">
     <span class='ocr_line' id='line_1_1' title="bbox 283 525 907 600; baseline -0.006 0"><span class='ocrx_word' id='word_1_1' title='bbox 283 537 351 600; x_wconf 81' lang='lat'>282</span> <span class='ocrx_word' id='word_1_2' title='bbox 389 525 907 600; x_wconf 61' lang='lat' dir='ltr'>noviomensem.</span> 
     </span>
    </p>
   </div>
   <div class='ocr_carea' id='block_1_2' title="bbox 182 647 1040 2725">
    <p class='ocr_par' dir='ltr' id='par_1_2' title="bbox 182 647 1040 2725">
     <span class='ocr_line' id='line_1_2' title="bbox 281 647 864 716; baseline -0.01 -14"><span class='ocrx_word' id='word_1_3' title='bbox 281 653 366 702; x_wconf 90' lang='lat' dir='ltr'>Delius</span> <span class='ocrx_word' id='word_1_4' title='bbox 381 649 506 716; x_wconf 75' lang='lat' dir='ltr'><strong>indulgens</strong></span> <span class='ocrx_word' id='word_1_5' title='bbox 517 683 525 708; x_wconf 90' lang='lat'>,</span> <span class='ocrx_word' id='word_1_6' title='bbox 541 649 629 698; x_wconf 73' lang='lat' dir='ltr'>nebuld</span> <span class='ocrx_word' id='word_1_7' title='bbox 639 647 731 698; x_wconf 84' lang='lat' dir='ltr'>velatus</span> <span class='ocrx_word' id='word_1_8' title='bbox 740 650 767 697; x_wconf 88' lang='lat' dir='ltr'>in</span> <span class='ocrx_word' id='word_1_9' title='bbox 777 663 864 712; x_wconf 74' lang='lat' dir='ltr'>agmen</span> 
     </span>
     <span class='ocr_line' id='line_1_3' title="bbox 283 724 896 792; baseline -0.01 -12"><span class='ocrx_word' id='word_1_10' title='bbox 283 733 394 782; x_wconf 87' lang='lat' dir='ltr'>Pervenit</span> <span class='ocrx_word' id='word_1_11' title='bbox 403 729 501 779; x_wconf 88' lang='lat' dir='ltr'>iliacum</span> <span class='ocrx_word' id='word_1_12' title='bbox 514 746 522 786; x_wconf 80' lang='lat'>3</span> <span class='ocrx_word' id='word_1_13' title='bbox 537 725 665 792; x_wconf 77' lang='lat' dir='ltr'>mediique</span> <span class='ocrx_word' id='word_1_14' title='bbox 675 729 702 776; x_wconf 88' lang='lat' dir='ltr'>in</span> <span class='ocrx_word' id='word_1_15' title='bbox 712 724 776 775; x_wconf 73' lang='lat' dir='ltr'>cede</span> <span class='ocrx_word' id='word_1_16' title='bbox 786 729 896 775; x_wconf 83' lang='lat' dir='ltr'>virorum</span> 
     </span>
     <span class='ocr_line' id='line_1_4' title="bbox 222 802 863 872; baseline -0.002 -19"><span class='ocrx_word' id='word_1_17' title='bbox 222 863 224 872; x_wconf 29' lang='grc' dir='ltr'>Ι</span> <span class='ocrx_word' id='word_1_18' title='bbox 234 809 345 857; x_wconf 71' lang='lat' dir='ltr'>looRara</span> <span class='ocrx_word' id='word_1_19' title='bbox 354 823 395 872; x_wconf 91' lang='lat' dir='ltr'>per</span> <span class='ocrx_word' id='word_1_20' title='bbox 405 809 499 870; x_wconf 80' lang='lat' dir='ltr'>ignotos</span> <span class='ocrx_word' id='word_1_21' title='bbox 511 806 660 868; x_wconf 75' lang='lat' dir='ltr'>spargentem</span> <span class='ocrx_word' id='word_1_22' title='bbox 671 806 747 852; x_wconf 89' lang='lat' dir='ltr'>cernir</span> <span class='ocrx_word' id='word_1_23' title='bbox 757 802 863 852; x_wconf 75' lang='lat' dir='ltr'>Achivos</span> 
     </span>
     <span class='ocr_line' id='line_1_5' title="bbox 283 874 951 945; baseline -0.007 -14"><span class='ocrx_word' id='word_1_24' title='bbox 283 883 344 933; x_wconf 84' lang='lat' dir='ltr'>Tela</span> <span class='ocrx_word' id='word_1_25' title='bbox 355 882 423 934; x_wconf 76' lang='lat' dir='ltr'>Parin</span> <span class='ocrx_word' id='word_1_26' title='bbox 434 898 440 928; x_wconf 79' lang='lat' dir='ltr'>t</span> <span class='ocrx_word' id='word_1_27' title='bbox 453 875 570 945; x_wconf 75' lang='lat' dir='ltr'>falsusque</span> <span class='ocrx_word' id='word_1_28' title='bbox 582 879 663 926; x_wconf 83' lang='lat' dir='ltr'>Deum</span> <span class='ocrx_word' id='word_1_29' title='bbox 675 912 684 937; x_wconf 96' lang='lat'>,</span> <span class='ocrx_word' id='word_1_30' title='bbox 696 875 762 936; x_wconf 83' lang='lat' dir='ltr'><strong>Quid</strong></span> <span class='ocrx_word' id='word_1_31' title='bbox 771 876 863 941; x_wconf 81' lang='lat' dir='ltr'>spicula</span> <span class='ocrx_word' id='word_1_32' title='bbox 872 874 951 941; x_wconf 84' lang='lat' dir='ltr'>perdis</span> 
     </span>
     <span class='ocr_line' id='line_1_6' title="bbox 200 955 958 1025; baseline -0.009 -14"><span class='ocrx_word' id='word_1_33' title='bbox 200 957 203 964; x_wconf 58' lang='lat'><strong>⁴</strong></span> <span class='ocrx_word' id='word_1_34' title='bbox 282 963 399 1025; x_wconf 75' lang='lat' dir='ltr'>Sanguine</span> <span class='ocrx_word' id='word_1_35' title='bbox 412 957 487 1022; x_wconf 85' lang='lat' dir='ltr'>plebis</span> <span class='ocrx_word' id='word_1_36' title='bbox 499 963 509 1008; x_wconf 80' lang='lat' dir='ltr'>i</span> <span class='ocrx_word' id='word_1_37' title='bbox 525 960 559 1006; x_wconf 86' lang='lat' dir='ltr'>ait</span> <span class='ocrx_word' id='word_1_38' title='bbox 567 975 573 1003; x_wconf 72' lang='grc' dir='ltr'><strong>ι</strong></span> <span class='ocrx_word' id='word_1_39' title='bbox 582 959 602 1004; x_wconf 87' lang='lat' dir='ltr'>si</span> <span class='ocrx_word' id='word_1_40' title='bbox 611 971 660 1021; x_wconf 86' lang='lat' dir='ltr'>qua</span> <span class='ocrx_word' id='word_1_41' title='bbox 671 955 703 1003; x_wconf 89' lang='lat' dir='ltr'>est</span> <span class='ocrx_word' id='word_1_42' title='bbox 719 956 763 1003; x_wconf 90' lang='lat' dir='ltr'>tibi</span> <span class='ocrx_word' id='word_1_43' title='bbox 774 971 830 1004; x_wconf 82' lang='lat' dir='ltr'>cura</span> <span class='ocrx_word' id='word_1_44' title='bbox 841 970 958 1017; x_wconf 88' lang='lat' dir='ltr'>tuorum,</span> 
     </span>
     <span class='ocr_line' id='line_1_7' title="bbox 281 1031 945 1098; baseline -0.011 -9"><span class='ocrx_word' id='word_1_45' title='bbox 281 1041 379 1090; x_wconf 83' lang='lat' dir='ltr'>Vertere</span> <span class='ocrx_word' id='word_1_46' title='bbox 399 1039 424 1086; x_wconf 88' lang='lat' dir='ltr'>in</span> <span class='ocrx_word' id='word_1_47' title='bbox 443 1033 573 1089; x_wconf 62' lang='lat' dir='ltr'>Aiaeiden,</span> <span class='ocrx_word' id='word_1_48' title='bbox 591 1034 709 1098; x_wconf 68' lang='lat' dir='ltr'>cesosque</span> <span class='ocrx_word' id='word_1_49' title='bbox 727 1031 840 1082; x_wconf 79' lang='lat' dir='ltr'>ulciscere</span> <span class='ocrx_word' id='word_1_50' title='bbox 851 1033 945 1083; x_wconf 80' lang='lat' dir='ltr'>fratres.</span> 
     </span>
     <span class='ocr_line' id='line_1_8' title="bbox 281 1110 853 1165; baseline -0.009 0"><span class='ocrx_word' id='word_1_51' title='bbox 281 1116 364 1165; x_wconf 84' lang='lat' dir='ltr'>Dixit:</span> <span class='ocrx_word' id='word_1_52' title='bbox 377 1117 401 1163; x_wconf 73' lang='grc' dir='ltr'>δε</span> <span class='ocrx_word' id='word_1_53' title='bbox 412 1111 536 1164; x_wconf 85' lang='lat' dir='ltr'>ostendens</span> <span class='ocrx_word' id='word_1_54' title='bbox 548 1113 692 1162; x_wconf 78' lang='lat' dir='ltr'>sternentem</span> <span class='ocrx_word' id='word_1_55' title='bbox 702 1112 778 1160; x_wconf 86' lang='lat' dir='ltr'>Troia</span> <span class='ocrx_word' id='word_1_56' title='bbox 788 1110 853 1160; x_wconf 86' lang='lat' dir='ltr'>ferro</span> 
     </span>
     <span class='ocr_line' id='line_1_9' title="bbox 237 1189 857 1258; baseline -0.016 -11"><span class='ocrx_word' id='word_1_57' title='bbox 237 1193 396 1258; x_wconf 80' lang='lat' dir='ltr'>‘0lCorpora</span> <span class='ocrx_word' id='word_1_58' title='bbox 406 1190 504 1241; x_wconf 80' lang='lat' dir='ltr'>Peliden</span> <span class='ocrx_word' id='word_1_59' title='bbox 514 1226 522 1250; x_wconf 95' lang='lat'>,</span> <span class='ocrx_word' id='word_1_60' title='bbox 535 1207 602 1240; x_wconf 87' lang='lat' dir='ltr'>arcus</span> <span class='ocrx_word' id='word_1_61' title='bbox 612 1191 716 1239; x_wconf 83' lang='lat' dir='ltr'>obvertit</span> <span class='ocrx_word' id='word_1_62' title='bbox 726 1194 753 1240; x_wconf 88' lang='lat' dir='ltr'>in</span> <span class='ocrx_word' id='word_1_63' title='bbox 766 1189 837 1238; x_wconf 87' lang='lat' dir='ltr'>illurn</span> <span class='ocrx_word' id='word_1_64' title='bbox 848 1207 857 1249; x_wconf 63' lang='grc' dir='ltr'><strong>ς</strong></span> 
     </span>
     <span class='ocr_line' id='line_1_10' title="bbox 281 1266 812 1336; baseline -0.009 -15"><span class='ocrx_word' id='word_1_65' title='bbox 281 1271 401 1336; x_wconf 83' lang='lat' dir='ltr'>Certaque</span> <span class='ocrx_word' id='word_1_66' title='bbox 417 1268 511 1318; x_wconf 73' lang='lat' dir='ltr'>letiferi</span> <span class='ocrx_word' id='word_1_67' title='bbox 521 1266 608 1318; x_wconf 85' lang='lat' dir='ltr'>direxit</span> <span class='ocrx_word' id='word_1_68' title='bbox 618 1268 708 1330; x_wconf 85' lang='lat' dir='ltr'>spicula</span> <span class='ocrx_word' id='word_1_69' title='bbox 717 1266 812 1317; x_wconf 71' lang='lat' dir='ltr'>dextri.</span> 
     </span>
     <span class='ocr_line' id='line_1_11' title="bbox 280 1345 1040 1412; baseline 0 -14"><span class='ocrx_word' id='word_1_70' title='bbox 280 1345 354 1409; x_wconf 87' lang='lat' dir='ltr'>Quod</span> <span class='ocrx_word' id='word_1_71' title='bbox 365 1349 471 1398; x_wconf 83' lang='lat' dir='ltr'>Priamus</span> <span class='ocrx_word' id='word_1_72' title='bbox 487 1345 590 1412; x_wconf 76' lang='lat' dir='ltr'>gaudere</span> <span class='ocrx_word' id='word_1_73' title='bbox 605 1347 674 1394; x_wconf 84' lang='lat' dir='ltr'>senex</span> <span class='ocrx_word' id='word_1_74' title='bbox 689 1346 743 1410; x_wconf 92' lang='lat' dir='ltr'>post</span> <span class='ocrx_word' id='word_1_75' title='bbox 759 1345 863 1398; x_wconf 74' lang='lat' dir='ltr'>Heuora</span> <span class='ocrx_word' id='word_1_76' title='bbox 878 1345 971 1412; x_wconf 83' lang='lat' dir='ltr'>poll&#39;et,</span> <span class='ocrx_word' id='word_1_77' title='bbox 1036 1362 1040 1370; x_wconf 85' lang='lat'><em>&#39;</em></span> 
     </span>
     <span class='ocr_line' id='line_1_12' title="bbox 280 1411 904 1491; baseline 0 -15"><span class='ocrx_word' id='word_1_78' title='bbox 280 1411 334 1476; x_wconf 81' lang='lat' dir='ltr'>lloc</span> <span class='ocrx_word' id='word_1_79' title='bbox 350 1426 405 1476; x_wconf 87' lang='lat' dir='ltr'>fuir.</span> <span class='ocrx_word' id='word_1_80' title='bbox 417 1426 460 1474; x_wconf 92' lang='lat' dir='ltr'>llle</span> <span class='ocrx_word' id='word_1_81' title='bbox 468 1429 540 1491; x_wconf 73' lang='lat' dir='ltr'>iginsr</span> <span class='ocrx_word' id='word_1_82' title='bbox 550 1440 672 1476; x_wconf 83' lang='lat' dir='ltr'>tantorum</span> <span class='ocrx_word' id='word_1_83' title='bbox 684 1427 778 1484; x_wconf 73' lang='lat' dir='ltr'>sistor,</span> <span class='ocrx_word' id='word_1_84' title='bbox 789 1425 904 1488; x_wconf 76' lang='lat' dir='ltr'>Achille,</span> 
     </span>
     <span class='ocr_line' id='line_1_13' title="bbox 281 1503 932 1569; baseline 0 -15"><span class='ocrx_word' id='word_1_85' title='bbox 281 1503 417 1554; x_wconf 84' lang='lat' dir='ltr'>Vincerisa</span> <span class='ocrx_word' id='word_1_86' title='bbox 434 1503 523 1554; x_wconf 89' lang='lat' dir='ltr'>timido</span> <span class='ocrx_word' id='word_1_87' title='bbox 537 1505 616 1569; x_wconf 79' lang='lat' dir='ltr'>Grajae</span> <span class='ocrx_word' id='word_1_88' title='bbox 628 1518 722 1568; x_wconf 83' lang='lat' dir='ltr'>raptore</span> <span class='ocrx_word' id='word_1_89' title='bbox 739 1507 851 1554; x_wconf 72' lang='lat' dir='ltr'>marites</span> <span class='ocrx_word' id='word_1_90' title='bbox 925 1513 932 1524; x_wconf 96' lang='grc'><em>“</em></span> 
     </span>
     <span class='ocr_line' id='line_1_14' title="bbox 234 1579 887 1643; baseline -0.006 -9"><span class='ocrx_word' id='word_1_91' title='bbox 234 1586 314 1636; x_wconf 72' lang='grc' dir='ltr'>ειοΑτ</span> <span class='ocrx_word' id='word_1_92' title='bbox 332 1587 351 1633; x_wconf 87' lang='lat' dir='ltr'>si</span> <span class='ocrx_word' id='word_1_93' title='bbox 364 1583 468 1634; x_wconf 85' lang='lat' dir='ltr'>femineo</span> <span class='ocrx_word' id='word_1_94' title='bbox 485 1583 562 1632; x_wconf 80' lang='lat' dir='ltr'>luerat</span> <span class='ocrx_word' id='word_1_95' title='bbox 576 1586 622 1632; x_wconf 89' lang='lat' dir='ltr'>ribi</span> <span class='ocrx_word' id='word_1_96' title='bbox 637 1584 715 1632; x_wconf 82' lang='lat' dir='ltr'>Marte</span> <span class='ocrx_word' id='word_1_97' title='bbox 731 1579 887 1643; x_wconf 71' lang='lat' dir='ltr'>cedendum,</span> 
     </span>
     <span class='ocr_line' id='line_1_15' title="bbox 283 1656 836 1723; baseline -0.007 -13"><span class='ocrx_word' id='word_1_98' title='bbox 283 1660 504 1711; x_wconf 77' lang='lat' dir='ltr'>Thermodontiacd</span> <span class='ocrx_word' id='word_1_99' title='bbox 516 1660 600 1710; x_wconf 84' lang='lat' dir='ltr'>malles</span> <span class='ocrx_word' id='word_1_100' title='bbox 609 1656 719 1710; x_wconf 81' lang='lat' dir='ltr'>cecidisse</span> <span class='ocrx_word' id='word_1_101' title='bbox 729 1660 836 1723; x_wconf 80' lang='lat' dir='ltr'>bipenni.</span> 
     </span>
     <span class='ocr_line' id='line_1_16' title="bbox 282 1735 949 1802; baseline -0.003 -14"><span class='ocrx_word' id='word_1_102' title='bbox 282 1741 334 1788; x_wconf 83' lang='lat' dir='ltr'>Jam</span> <span class='ocrx_word' id='word_1_103' title='bbox 347 1743 420 1788; x_wconf 81' lang='lat' dir='ltr'>&#39;timor</span> <span class='ocrx_word' id='word_1_104' title='bbox 437 1739 479 1787; x_wconf 92' lang='lat' dir='ltr'>ille</span> <span class='ocrx_word' id='word_1_105' title='bbox 490 1740 630 1802; x_wconf 80' lang='lat' dir='ltr'>Phrygum,</span> <span class='ocrx_word' id='word_1_106' title='bbox 646 1736 719 1787; x_wconf 90' lang='lat' dir='ltr'>decus</span> <span class='ocrx_word' id='word_1_107' title='bbox 729 1741 753 1786; x_wconf 76' lang='grc' dir='ltr'>δι</span> <span class='ocrx_word' id='word_1_108' title='bbox 765 1736 842 1788; x_wconf 78' lang='lat' dir='ltr'>tutela</span> <span class='ocrx_word' id='word_1_109' title='bbox 855 1735 949 1802; x_wconf 71' lang='lat' dir='ltr'>Pelasgi</span> 
     </span>
     <span class='ocr_line' id='line_1_17' title="bbox 282 1814 911 1880; baseline -0.006 -12"><span class='ocrx_word' id='word_1_110' title='bbox 282 1817 395 1869; x_wconf 86' lang='lat' dir='ltr'>Nominis</span> <span class='ocrx_word' id='word_1_111' title='bbox 407 1851 415 1875; x_wconf 94' lang='lat'>,</span> <span class='ocrx_word' id='word_1_112' title='bbox 443 1817 453 1842; x_wconf 70' lang='lat'><strong>³</strong></span> <span class='ocrx_word' id='word_1_113' title='bbox 467 1814 562 1874; x_wconf 84' lang='lat' dir='ltr'>acides,</span> <span class='ocrx_word' id='word_1_114' title='bbox 579 1831 652 1880; x_wconf 85' lang='lat' dir='ltr'>caput</span> <span class='ocrx_word' id='word_1_115' title='bbox 662 1815 820 1880; x_wconf 88' lang='lat' dir='ltr'>insuperabile</span> <span class='ocrx_word' id='word_1_116' title='bbox 831 1814 911 1869; x_wconf 83' lang='lat' dir='ltr'>bello,</span> 
     </span>
     <span class='ocr_line' id='line_1_18' title="bbox 282 1891 948 1958; baseline -0.002 -14"><span class='ocrx_word' id='word_1_117' title='bbox 282 1896 375 1944; x_wconf 80' lang='lat' dir='ltr'>Arserat</span> <span class='ocrx_word' id='word_1_118' title='bbox 387 1912 394 1952; x_wconf 80' lang='lat'>3</span> <span class='ocrx_word' id='word_1_119' title='bbox 408 1893 512 1942; x_wconf 75' lang='lat' dir='ltr'>armirat</span> <span class='ocrx_word' id='word_1_120' title='bbox 522 1893 587 1942; x_wconf 86' lang='lat' dir='ltr'>Deus</span> <span class='ocrx_word' id='word_1_121' title='bbox 601 1891 684 1952; x_wconf 81' lang='lat' dir='ltr'>idem,</span> <span class='ocrx_word' id='word_1_122' title='bbox 697 1892 810 1958; x_wconf 75' lang='lat' dir='ltr'>idemque</span> <span class='ocrx_word' id='word_1_123' title='bbox 819 1893 948 1944; x_wconf 78' lang='lat' dir='ltr'>eremitat.</span> 
     </span>
     <span class='ocr_line' id='line_1_19' title="bbox 236 1967 911 2034; baseline 0.003 -18"><span class='ocrx_word' id='word_1_124' title='bbox 236 1979 263 2017; x_wconf 80' lang='lat' dir='ltr'>st</span> <span class='ocrx_word' id='word_1_125' title='bbox 271 1973 336 2031; x_wconf 72' lang='lat' dir='ltr'>siam</span> <span class='ocrx_word' id='word_1_126' title='bbox 354 1973 412 2021; x_wconf 86' lang='lat' dir='ltr'>cinis</span> <span class='ocrx_word' id='word_1_127' title='bbox 423 1971 454 2020; x_wconf 87' lang='lat' dir='ltr'>est</span> <span class='ocrx_word' id='word_1_128' title='bbox 466 1979 479 2028; x_wconf 69' lang='grc' dir='ltr'>ς’</span> <span class='ocrx_word' id='word_1_129' title='bbox 492 1975 517 2020; x_wconf 86' lang='lat'>&amp;</span> <span class='ocrx_word' id='word_1_130' title='bbox 533 1967 563 2019; x_wconf 92' lang='lat' dir='ltr'>de</span> <span class='ocrx_word' id='word_1_131' title='bbox 574 1985 624 2019; x_wconf 83' lang='lat' dir='ltr'>tam</span> <span class='ocrx_word' id='word_1_132' title='bbox 635 1986 724 2034; x_wconf 77' lang='lat' dir='ltr'>magno</span> <span class='ocrx_word' id='word_1_133' title='bbox 734 1971 804 2020; x_wconf 83' lang='lat' dir='ltr'>restae</span> <span class='ocrx_word' id='word_1_134' title='bbox 815 1969 911 2018; x_wconf 71' lang='lat' dir='ltr'>Achille</span> 
     </span>
     <span class='ocr_line' id='line_1_20' title="bbox 182 2045 996 2117; baseline -0.006 -15"><span class='ocrx_word' id='word_1_135' title='bbox 182 2057 185 2062; x_wconf 87' lang='lat'>&#39;</span> <span class='ocrx_word' id='word_1_136' title='bbox 283 2050 371 2101; x_wconf 87' lang='lat' dir='ltr'>Nescio</span> <span class='ocrx_word' id='word_1_137' title='bbox 381 2046 453 2117; x_wconf 87' lang='lat' dir='ltr'>quid,</span> <span class='ocrx_word' id='word_1_138' title='bbox 466 2064 562 2114; x_wconf 84' lang='lat' dir='ltr'>parvam</span> <span class='ocrx_word' id='word_1_139' title='bbox 570 2045 638 2114; x_wconf 88' lang='lat' dir='ltr'>quod</span> <span class='ocrx_word' id='word_1_140' title='bbox 647 2064 697 2099; x_wconf 89' lang='lat' dir='ltr'>non</span> <span class='ocrx_word' id='word_1_141' title='bbox 707 2050 766 2098; x_wconf 88' lang='lat' dir='ltr'>bene</span> <span class='ocrx_word' id='word_1_142' title='bbox 775 2047 898 2112; x_wconf 85' lang='lat' dir='ltr'>compleat</span> <span class='ocrx_word' id='word_1_143' title='bbox 905 2061 996 2099; x_wconf 77' lang='lat' dir='ltr'>urnam.</span> 
     </span>
     <span class='ocr_line' id='line_1_21' title="bbox 283 2116 939 2193; baseline -0.006 -14"><span class='ocrx_word' id='word_1_144' title='bbox 283 2130 316 2180; x_wconf 81' lang='lat' dir='ltr'>At</span> <span class='ocrx_word' id='word_1_145' title='bbox 336 2132 414 2189; x_wconf 85' lang='lat' dir='ltr'>vivit,</span> <span class='ocrx_word' id='word_1_146' title='bbox 435 2142 515 2178; x_wconf 88' lang='lat' dir='ltr'>torum</span> <span class='ocrx_word' id='word_1_147' title='bbox 525 2144 578 2193; x_wconf 77' lang='lat' dir='ltr'>quse</span> <span class='ocrx_word' id='word_1_148' title='bbox 588 2162 596 2185; x_wconf 90' lang='lat'>,</span> <span class='ocrx_word' id='word_1_149' title='bbox 607 2127 702 2193; x_wconf 77' lang='lat' dir='ltr'>gloria,</span> <span class='ocrx_word' id='word_1_150' title='bbox 713 2126 834 2191; x_wconf 85' lang='lat' dir='ltr'>compleat</span> <span class='ocrx_word' id='word_1_151' title='bbox 843 2116 939 2175; x_wconf 79' lang='lat' dir='ltr'>orbern.</span> 
     </span>
     <span class='ocr_line' id='line_1_22' title="bbox 283 2203 874 2271; baseline -0.007 -14"><span class='ocrx_word' id='word_1_152' title='bbox 283 2207 341 2257; x_wconf 76' lang='lat' dir='ltr'>Hec</span> <span class='ocrx_word' id='word_1_153' title='bbox 357 2206 394 2256; x_wconf 93' lang='lat' dir='ltr'>illi</span> <span class='ocrx_word' id='word_1_154' title='bbox 404 2208 513 2255; x_wconf 84' lang='lat' dir='ltr'>mensura</span> <span class='ocrx_word' id='word_1_155' title='bbox 527 2209 580 2255; x_wconf 83' lang='lat' dir='ltr'>viro</span> <span class='ocrx_word' id='word_1_156' title='bbox 588 2203 716 2271; x_wconf 77' lang='lat' dir='ltr'>respondet</span> <span class='ocrx_word' id='word_1_157' title='bbox 726 2223 732 2253; x_wconf 81' lang='lat' dir='ltr'>r</span> <span class='ocrx_word' id='word_1_158' title='bbox 743 2207 767 2253; x_wconf 66' lang='grc' dir='ltr'><strong>ἃ</strong></span> <span class='ocrx_word' id='word_1_159' title='bbox 779 2207 824 2252; x_wconf 87' lang='lat' dir='ltr'>ltac</span> <span class='ocrx_word' id='word_1_160' title='bbox 840 2204 874 2253; x_wconf 86' lang='lat' dir='ltr'>est</span> 
     </span>
     <span class='ocr_line' id='line_1_23' title="bbox 283 2283 843 2343; baseline -0.009 -7"><span class='ocrx_word' id='word_1_161' title='bbox 283 2286 328 2336; x_wconf 76' lang='lat' dir='ltr'>Par</span> <span class='ocrx_word' id='word_1_162' title='bbox 339 2287 383 2335; x_wconf 84' lang='lat' dir='ltr'>sibi</span> <span class='ocrx_word' id='word_1_163' title='bbox 394 2283 501 2343; x_wconf 89' lang='lat' dir='ltr'>Pelides,</span> <span class='ocrx_word' id='word_1_164' title='bbox 512 2300 556 2333; x_wconf 87' lang='lat' dir='ltr'>nec</span> <span class='ocrx_word' id='word_1_165' title='bbox 566 2286 646 2333; x_wconf 79' lang='lat' dir='ltr'>inania</span> <span class='ocrx_word' id='word_1_166' title='bbox 654 2284 754 2333; x_wconf 85' lang='lat' dir='ltr'>Tartara</span> <span class='ocrx_word' id='word_1_167' title='bbox 763 2284 843 2333; x_wconf 87' lang='lat' dir='ltr'>sentit.</span> 
     </span>
     <span class='ocr_line' id='line_1_24' title="bbox 236 2360 915 2426; baseline 0.003 -20"><span class='ocrx_word' id='word_1_168' title='bbox 236 2360 335 2425; x_wconf 80' lang='lat' dir='ltr'>etolpse</span> <span class='ocrx_word' id='word_1_169' title='bbox 347 2364 437 2420; x_wconf 84' lang='lat' dir='ltr'>eriam,</span> <span class='ocrx_word' id='word_1_170' title='bbox 455 2376 483 2410; x_wconf 86' lang='lat' dir='ltr'>nr</span> <span class='ocrx_word' id='word_1_171' title='bbox 496 2364 563 2426; x_wconf 88' lang='lat' dir='ltr'>cujus</span> <span class='ocrx_word' id='word_1_172' title='bbox 580 2360 653 2409; x_wconf 87' lang='lat' dir='ltr'>suerit</span> <span class='ocrx_word' id='word_1_173' title='bbox 665 2361 809 2424; x_wconf 77' lang='lat' dir='ltr'>cognoscere</span> <span class='ocrx_word' id='word_1_174' title='bbox 823 2361 915 2424; x_wconf 85' lang='lat' dir='ltr'>possit,</span> 
     </span>
     <span class='ocr_line' id='line_1_25' title="bbox 283 2436 945 2503; baseline -0.005 -14"><span class='ocrx_word' id='word_1_175' title='bbox 283 2438 349 2489; x_wconf 78' lang='lat' dir='ltr'>Bella</span> <span class='ocrx_word' id='word_1_176' title='bbox 363 2452 445 2487; x_wconf 84' lang='lat' dir='ltr'>movet</span> <span class='ocrx_word' id='word_1_177' title='bbox 462 2438 558 2501; x_wconf 79' lang='lat' dir='ltr'>clypeus</span> <span class='ocrx_word' id='word_1_178' title='bbox 569 2456 576 2485; x_wconf 82' lang='lat' dir='ltr'>t</span> <span class='ocrx_word' id='word_1_179' title='bbox 586 2436 662 2503; x_wconf 75' lang='lat' dir='ltr'>sieque</span> <span class='ocrx_word' id='word_1_180' title='bbox 671 2440 743 2487; x_wconf 82' lang='lat' dir='ltr'>armis</span> <span class='ocrx_word' id='word_1_181' title='bbox 752 2454 818 2487; x_wconf 82' lang='lat' dir='ltr'>aesna</span> <span class='ocrx_word' id='word_1_182' title='bbox 826 2436 945 2487; x_wconf 83' lang='lat' dir='ltr'>feruntur.</span> 
     </span>
     <span class='ocr_line' id='line_1_26' title="bbox 284 2514 850 2580; baseline -0.004 -15"><span class='ocrx_word' id='word_1_183' title='bbox 284 2516 342 2565; x_wconf 90' lang='lat' dir='ltr'>Non</span> <span class='ocrx_word' id='word_1_184' title='bbox 353 2532 380 2565; x_wconf 79' lang='lat' dir='ltr'>ee</span> <span class='ocrx_word' id='word_1_185' title='bbox 397 2514 519 2577; x_wconf 79' lang='lat' dir='ltr'>Tydides,</span> <span class='ocrx_word' id='word_1_186' title='bbox 537 2530 588 2564; x_wconf 87' lang='lat' dir='ltr'>non</span> <span class='ocrx_word' id='word_1_187' title='bbox 597 2514 668 2565; x_wconf 82' lang='lat' dir='ltr'>audet</span> <span class='ocrx_word' id='word_1_188' title='bbox 679 2515 763 2564; x_wconf 82' lang='lat' dir='ltr'>Oileos</span> <span class='ocrx_word' id='word_1_189' title='bbox 773 2518 850 2580; x_wconf 72' lang='lat' dir='ltr'>Aiax,</span> 
     </span>
     <span class='ocr_line' id='line_1_27' title="bbox 284 2590 902 2656; baseline -0.003 -13"><span class='ocrx_word' id='word_1_190' title='bbox 284 2594 342 2643; x_wconf 86' lang='lat' dir='ltr'>Non</span> <span class='ocrx_word' id='word_1_191' title='bbox 359 2595 438 2641; x_wconf 87' lang='lat' dir='ltr'>minor</span> <span class='ocrx_word' id='word_1_192' title='bbox 452 2590 559 2651; x_wconf 81' lang='lat' dir='ltr'>Atrides,</span> <span class='ocrx_word' id='word_1_193' title='bbox 573 2607 623 2642; x_wconf 87' lang='lat' dir='ltr'>non</span> <span class='ocrx_word' id='word_1_194' title='bbox 638 2607 712 2656; x_wconf 77' lang='lat' dir='ltr'>regno</span> <span class='ocrx_word' id='word_1_195' title='bbox 724 2594 800 2654; x_wconf 78' lang='lat' dir='ltr'>major</span> <span class='ocrx_word' id='word_1_196' title='bbox 811 2594 836 2641; x_wconf 69' lang='grc' dir='ltr'>ὃ(</span> <span class='ocrx_word' id='word_1_197' title='bbox 849 2607 902 2643; x_wconf 72' lang='lat' dir='ltr'>ero</span> 
     </span>
     <span class='ocr_line' id='line_1_28' title="bbox 284 2668 827 2725; baseline -0.002 -6"><span class='ocrx_word' id='word_1_198' title='bbox 284 2671 401 2725; x_wconf 84' lang='lat' dir='ltr'>Poscere,</span> <span class='ocrx_word' id='word_1_199' title='bbox 412 2686 462 2719; x_wconf 88' lang='lat' dir='ltr'>non</span> <span class='ocrx_word' id='word_1_200' title='bbox 475 2669 530 2719; x_wconf 79' lang='lat' dir='ltr'>aliis</span> <span class='ocrx_word' id='word_1_201' title='bbox 543 2668 589 2717; x_wconf 89' lang='lat' dir='ltr'>soli</span> <span class='ocrx_word' id='word_1_202' title='bbox 603 2668 735 2717; x_wconf 83' lang='lat' dir='ltr'>Telamone</span> <span class='ocrx_word' id='word_1_203' title='bbox 745 2684 827 2718; x_wconf 79' lang='lat' dir='ltr'>creato</span> 
     </span>
    </p>
   </div>
   <div class='ocr_carea' id='block_1_3' title="bbox 159 2743 773 2815">
    <p class='ocr_par' dir='ltr' id='par_1_3' title="bbox 159 2743 773 2815">
     <span class='ocr_line' id='line_1_29' title="bbox 159 2743 773 2815; baseline -0.002 -18"><span class='ocrx_word' id='word_1_204' title='bbox 159 2792 160 2797; x_wconf 75' lang='grc'>,</span> <span class='ocrx_word' id='word_1_205' title='bbox 236 2749 431 2815; x_wconf 76' lang='lat' dir='ltr'>625Lae&#39;rtique,</span> <span class='ocrx_word' id='word_1_206' title='bbox 450 2747 496 2797; x_wconf 85' lang='lat' dir='ltr'>fuir</span> <span class='ocrx_word' id='word_1_207' title='bbox 507 2760 578 2797; x_wconf 83' lang='lat' dir='ltr'>rsnrre</span> <span class='ocrx_word' id='word_1_208' title='bbox 588 2745 676 2797; x_wconf 79' lang='lat' dir='ltr'>fiducia</span> <span class='ocrx_word' id='word_1_209' title='bbox 687 2743 773 2796; x_wconf 81' lang='lat' dir='ltr'>leudis.</span> 
     </span>
    </p>
   </div>
   <div class='ocr_carea' id='block_1_4' title="bbox 262 2821 875 3046">
    <p class='ocr_par' dir='ltr' id='par_1_4' title="bbox 262 2821 875 3046">
     <span class='ocr_line' id='line_1_30' title="bbox 284 2821 875 2893; baseline -0.008 -17"><span class='ocrx_word' id='word_1_210' title='bbox 284 2827 306 2876; x_wconf 81' lang='lat' dir='ltr'>A</span> <span class='ocrx_word' id='word_1_211' title='bbox 321 2829 343 2878; x_wconf 92' lang='lat' dir='ltr'>se</span> <span class='ocrx_word' id='word_1_212' title='bbox 354 2823 492 2875; x_wconf 84' lang='lat' dir='ltr'>Tantalides</span> <span class='ocrx_word' id='word_1_213' title='bbox 502 2840 563 2873; x_wconf 87' lang='lat' dir='ltr'>onus</span> <span class='ocrx_word' id='word_1_214' title='bbox 576 2821 740 2893; x_wconf 70' lang='lat' dir='ltr'>inpidiarnque</span> <span class='ocrx_word' id='word_1_215' title='bbox 752 2824 875 2881; x_wconf 70' lang='lat' dir='ltr'>removit3</span> 
     </span>
     <span class='ocr_line' id='line_1_31' title="bbox 284 2897 863 2969; baseline -0.012 -14"><span class='ocrx_word' id='word_1_216' title='bbox 284 2903 455 2969; x_wconf 77' lang='lat' dir='ltr'>Argolicosque</span> <span class='ocrx_word' id='word_1_217' title='bbox 471 2901 542 2953; x_wconf 88' lang='lat' dir='ltr'>duces</span> <span class='ocrx_word' id='word_1_218' title='bbox 553 2897 771 2969; x_wconf 51' lang='lat' dir='ltr'>mediusonsidere</span> <span class='ocrx_word' id='word_1_219' title='bbox 781 2900 863 2949; x_wconf 81' lang='lat' dir='ltr'>cestris</span> 
     </span>
     <span class='ocr_line' id='line_1_32' title="bbox 262 2978 871 3046; baseline -0.016 -11"><span class='ocrx_word' id='word_1_220' title='bbox 262 2982 264 2991; x_wconf 90' lang='lat'>&#39;</span> <span class='ocrx_word' id='word_1_221' title='bbox 284 2982 374 3046; x_wconf 78' lang='lat' dir='ltr'>lussit,</span> <span class='ocrx_word' id='word_1_222' title='bbox 393 2980 554 3033; x_wconf 79' lang='lat' dir='ltr'>&amp;arbitrium</span> <span class='ocrx_word' id='word_1_223' title='bbox 571 2979 726 3042; x_wconf 71' lang='lat' dir='ltr'>litisuttejecir</span> <span class='ocrx_word' id='word_1_224' title='bbox 736 2978 762 3025; x_wconf 90' lang='lat' dir='ltr'>in</span> <span class='ocrx_word' id='word_1_225' title='bbox 775 2992 871 3027; x_wconf 81' lang='lat' dir='ltr'>onmes.</span> 
     </span>
    </p>
   </div>
   <div class='ocr_carea' id='block_1_5' title="bbox 559 3162 728 3273">
    <p class='ocr_par' dir='ltr' id='par_1_5' title="bbox 559 3162 728 3273">
     <span class='ocr_line' id='line_1_33' title="bbox 559 3162 728 3273; baseline 0 -29"><span class='ocrx_word' id='word_1_226' title='bbox 559 3162 728 3273; x_wconf 55' lang='lat' dir='ltr'>aare</span> 
     </span>
    </p>
   </div>
   <div class='ocr_carea' id='block_1_6' title="bbox 0 0 1178 4150">
    <p class='ocr_par' dir='ltr' id='par_1_6' title="bbox 0 0 1178 4150">
     <span class='ocr_line' id='line_1_34' title="bbox 0 0 1178 4150; baseline 0 0"><span class='ocrx_word' id='word_1_227' title='bbox 0 0 1178 4150; x_wconf 95' lang='lat' dir='ltr'> </span> 
     </span>
    </p>
   </div>
  </div>
 </body>
</html>
