2334 4150
231 532 657 606 Murauorrrrostou
670 535 708 608 L.
721 537 824 609 XIII.
843 563 910 628 297

194 651 254 704 Nou
264 658 373 722 captiva,
387 672 458 722 rogat
468 677 475 706 ι
486 659 597 723 genitrici
608 675 693 725 corpus
706 663 825 710 inemtum

196 731 381 785 Redditetueve
389 751 448 785 auro
458 735 560 786 redimat
573 741 611 802 jus
627 737 691 786 triste
700 737 826 802 sepulcri,

196 808 244 860 Sed
258 810 383 874 lacrymis.
376 831 384 844 ·
391 827 449 863 tuuc
459 847 468 874 ,
478 814 534 864 edm
545 829 656 880 poterat,
669 814 836 866 redimebat&
847 831 914 865 auro.

196 885 305 937 Dixerat.
315 890 348 940 At
362 880 465 956 populus
473 891 590 954 lacrymat
601 925 610 952 ,
621 909 679 959 quat
689 893 732 944 illa
741 895 856 952 tenebat,
907 902 962 956 475

196 963 256 1014 Non
269 981 351 1016 tenete
363 970 430 1033 ipse,
445 971 519 1018 etiam
528 967 605 1019 flent'
599 974 751 1038 invitusque,
766 971 875 1059 sacerdos

196 1039 297 1094 Prtebita
306 1049 417 1110 coujedlo
426 1048 491 1112 rupit
501 1044 631 1112 praecordia
642 1048 715 1099 ferro.

196 1121 256 1181 Illa,
268 1124 450 1188 superterram,
468 1122 562 1174 defedo
576 1126 685 1192 poplite
700 1127 800 1189 labens,

196 1199 300 1250 Pertulit
308 1201 440 1267 intrepidos
450 1201 481 1252 ad
491 1202 552 1253 fasta
560 1206 690 1254 novissima
699 1205 816 1256 vultur.

198 1277 269 1328 Tune
279 1295 377 1347 quoque
387 1296 444 1330 cura
455 1280 501 1330 fuit
510 1295 587 1346 partes
594 1281 673 1333 velare
682 1281 819 1347 pudendas,
915 1289 964 1348 480

198 1355 267 1406 Cdm
281 1355 396 1419 caderet,
413 1359 516 1425 castique
525 1357 598 1409 decue
608 1359 816 1426 sertatepudorlt.

197 1433 306 1485 Troades
324 1439 459 1499 excipiunt3
469 1435 654 1502 deploratosque
664 1439 787 1488 recensent

197 1509 331 1562 Priamidae
341 1545 351 1566 .
365 1517 390 1562 tt
401 1511 460 1579 quid
473 1512 566 1564 dederit
576 1512 664 1564 domus
675 1529 721 1566 urta
736 1515 833 1564 cruorit.

90 1642 91 1645 ,
197 1589 283 1656 T'eque
293 1591 411 1655 gemunt,
421 1593 500 1655 vitgo;
512 1605 582 1656 teque
593 1624 602 1649 ,
612 1589 643 1641 d!
656 1586 733 1641 modo
742 1595 807 1660 regia
817 1596 914 1657 coniux,

197 1666 526 1734 Regiadistaparetrs‚daiae
536 1667 753 1735 florentisimago·‚
917 1664 963 1727 435

197 1745 271 1796 Nunc
281 1748 354 1796 etiam
368 1743 453 1811 praedae
463 1746 527 1796 mala
538 1748 588 1796 sort
597 1765 604 1796 ε
613 1763 685 1812 quam
695 1750 771 1798 vidior
779 1745 874 1810 Ulylles

196 1820 250 1873 Effe
261 1825 327 1873 stram
339 1823 434 1884 nollet,
444 1826 489 1874 nisi
500 1822 568 1891 quod
579 1839 659 1876 tamen
671 1825 771 1876 Hedera
781 1843 851 1891 partu

126 1964 132 1968 ⁴
194 1899 328 1953 Edideratt
339 1900 467 1952 dominum
481 1905 552 1953 matri
564 1906 605 1954 vix
617 1907 705 1970 repetit
715 1903 811 1954 Hesiot.

120 1989 125 1995 ’
196 1979 257 2042 Qua
266 1997 351 2046 corpus
362 1979 489 2045 complexa
502 1984 590 2030 animae
601 1995 650 2031 tam
663 1981 733 2031 fortis
743 1985 812 2030 inane
824 2015 833 2038 ,

196 2057 263 2120 Quat
274 2061 344 2109 toties
351 2061 434 2124 patrie
444 2055 558 2115 dederat,
569 2061 693 2126 natisque,
702 2062 803 2127 viroque
816 2094 825 2118 ,
917 2088 967 2133 490

196 2137 261 2187 Huic
268 2153 365 2204 quoque
373 2134 417 2187 dat
424 2136 678 2201 lacrymaatlaerymar
685 2140 710 2187 in
718 2137 817 2188 vulnera
824 2136 914 2203 fundi-e,

195 2214 333 2281 Oscrdaque
340 2231 383 2265 ote
393 2213 452 2279 legit
461 2234 467 2264 ι
476 2216 636 2281 consuetaque
646 2216 741 2282 pestota
747 2206 840 2281 plangit
849 2234 858 2275 ι

194 2292 367 2361 canitiemque
377 2296 444 2343 suam
454 2306 569 2343 concreto
579 2296 605 2341 ia
615 2294 728 2359 sanguine
738 2309 832 2343 verrent
842 2330 849 2353 ,

195 2371 270 2422 Plura
276 2371 375 2438 quidem
387 2406 397 2432 ,
408 2370 486 2422 sed&
500 2373 570 2432 haec,
585 2370 676 2421 laniato
687 2374 792 2438 pedore,
812 2370 881 2423 dixit.

228 2450 292 2501 Nata
300 2447 429 2517 tuae,(quid
438 2448 634 2517 eaimsuperesti)
648 2446 720 2501 dolor
730 2449 816 2500 ultime
824 2454 896 2501 matri
904 2466 961 2514 ,495

196 2528 278 2585 Nata,
288 2533 351 2595 jacea
361 2529 369 2577 l
379 2526 500 2593 videoque
511 2542 580 2577 tuum
593 2562 602 2588 ,
613 2544 667 2577 urea
675 2527 788 2589 vulnera,
799 2528 898 2579 vulnus!

195 2605 252 2669 En,
266 2624 296 2658 tre
304 2604 449 2672 perdiderim
458 2621 606 2673 quemquam
617 2610 666 2657 sine
678 2606 743 2657 cade
753 2622 882 2664 meorum,

196 2686 237 2737 Tu
248 2699 346 2751 quoque
358 2683 445 2736 vulnus
455 2684 536 2734 habea.
547 2686 580 2735 At
590 2699 632 2741 te,
648 2686 704 2751 quia
715 2684 805 2735 femina
811 2718 821 2746 ‚
832 2686 903 2733 rebar

193 2765 218 2815 A
229 2763 293 2812 ferro
303 2776 381 2811 tutam
391 2779 399 2811 t
409 2759 513 2811 cecidisti
522 2764 548 2813 ὃ(
559 2761 649 2815 semina
661 2763 736 2813 ferro·

195 2842 295 2906 Totque
306 2854 360 2889 tuot
369 2837 435 2889 idem
446 2838 547 2901 fratrea,
559 2853 584 2889 te
594 2839 698 2905 perdidit
709 2840 796 2901 idemj·
916 2864 964 2911 500

194 2918 305 2969 Exitittm
320 2918 421 2982 Troia,
436 2916 556 2984 nostrique
564 2919 686 2977 orbator,
702 2920 819 2970 Achillem

195 2997 229 3047 At
247 2996 300 3062 post
313 2996 389 3064 qudm
399 2993 488 3045 cecidit
497 2995 589 3047 Paridis
603 2998 734 3065 Phoebique
749 3000 839 3063 sagittis
850 3016 857 3057 3

196 3075 269 3125 Nune
281 3073 344 3125 terti
354 3108 370 3136 r
382 3072 448 3135 dixi,
462 3088 513 3125 uon
530 3074 563 3124 est
575 3072 718 3126 metuendus
734 3076 848 3126 Aeh'rller.

196 3152 268 3202 Nune
282 3168 381 3219 quoque
389 3151 426 3201 mi
432 3151 578 3203 metuendus
589 3168 654 3203 etat:
666 3155 782 3218 cinisipse
797 3154 883 3218 sepulti

195 3230 227 3281 ln
235 3246 308 3298 genua
318 3234 366 3283 hoe
378 3234 445 3285 saetit
455 3250 463 3281 ι
475 3232 575 3283 tumulo
580 3246 678 3299 quoque
688 3234 802 3361 stutitppus
814 3232 963 3301 lrostem.5op

795 3326 810 3362 u
