2334 4150
233 543 900 640 MrrAnonrnorronL.XIV.'317

185 683 259 746 Quod
274 684 378 750 loquor,
390 685 415 732 δι
430 683 510 746 spiro,
530 677 668 743 coelumque
684 677 708 724 ὃ(
721 670 797 722 sidera
807 672 869 722 Solis
892 707 894 712 ,

184 757 313 826 Respicio,
334 761 345 828 (
356 762 475 825 possimne
485 761 590 821 ingratus
600 759 624 805 δι
636 757 765 802 immernor
778 747 824 800 effe
835 753 844 798 ἓ
856 749 866 816 )

184 838 229 887 ille
250 837 335 888 dedit:
348 835 415 902 quod
430 848 481 885 non
494 838 573 885 anima
586 837 636 882 haec
649 832 768 896 Cyclopis
776 832 801 878 in
816 844 858 878 ora

184 916 277 965 Venit:
290 921 315 966 δι
327 951 335 977 ,
351 929 378 964 ut
396 915 477 963 lumen
487 917 538 979 Jam
549 925 612 961 nunc
622 911 696 960 vitale
707 908 857 972 relinquam,
904 899 946 950 ¹75

183 997 233 1045 Aut
244 994 354 1053 tumulo,
366 1009 407 1043 aut
417 990 480 1041 certe
489 1007 539 1040 non
549 989 593 1039 iun
603 987 691 1038 condar
698 992 724 1036 in
734 986 799 1037 alvo.

185 1071 252 1133 Quid
262 1075 322 1121 mihi
342 1084 397 1120 tunc
409 1072 500 1128 animi,
511 1070 583 1117 nisisi
596 1069 669 1115 timor
680 1063 775 1114 abstulit
783 1077 882 1112 ornnem

183 1152 283 1199 Sensum
294 1152 465 1213 animumque,
477 1144 646 1206 fuit,cr¹1mv0r
655 1152 734 1208 petere
746 1141 793 1190 alta
803 1137 898 1188 relidur

182 1230 294 1294 AEquora
306 1229 429 1292 prospexi?
447 1223 521 1274 Volui
535 1222 679 1280 inclamare3
695 1217 736 1268 sed
754 1217 815 1269 hosti

182 1305 286 1357 Prodere
301 1322 340 1353 me
357 1306 427 1353 timui
438 1321 445 1351 t
455 1301 536 1352 vestrae
555 1316 652 1366 qunque
670 1297 761 1346 clamor
772 1293 864 1356 Ulyrsis
901 1289 946 1334 180

181 1383 252 1434 Paene
269 1385 313 1431 ran‘
329 1384 421 1431 notuit.
436 1377 513 1437 Vidi,
531 1378 608 1434 crim,
625 1389 708 1426 monte
725 1371 840 1433 revulso,

182 1461 319 1510 immanem
336 1457 461 1521 scopulum
473 1453 563 1504 mediae
577 1455 685 1518 permisit
701 1454 726 1498 in
740 1447 824 1498 undar.

180 1537 243 1587 Vidi
259 1539 360 1593 iterum,
377 1533 452 1582 veluti
468 1533 581 1580 tormenti
594 1529 683 1580 viribus
701 1529 770 1586 aaa,

180 1615 255 1667 Vasta
272 1611 383 1678 giganteo
394 1609 539 1678 jaculantem
552 1610 605 1657 saxa
617 1606 716 1656 lacerto.

180 1695 235 1754 Et,
254 1709 284 1742 ue
302 1690 445 1756 deprimeret
456 1687 568 1737 fludusve
584 1687 672 1751 lapisve
687 1685 807 1746 carinam,
901 1676 943 1740 185

180 1771 297 1821 Pertimui
311 1787 319 1826 3
331 1773 380 1832 Jam
395 1783 435 1816 me
445 1783 495 1816 nou
505 1763 551 1814 effe
559 1763 649 1813 oblitus
659 1765 685 1812 in
696 1761 749 1814 illa·

180 1845 218 1897 Ut
228 1846 286 1897 veru
301 1845 357 1910 fuga
366 1862 409 1894 vor
420 1846 449 1893 ab
462 1844 546 1893 acerba
560 1857 638 1891 morte
650 1843 771 1901 removit,

179 1925 226 1974 Ilie
236 1921 335 1990 quidem
347 1937 424 1974 totam
436 1919 604 1971 fremebundus
612 1918 753 1968 obambulet
763 1916 861 1966 AEtuam
871 1949 879 1976 ,

179 2003 354 2068 Praetentatque
371 2017 444 2049 manu
459 1999 544 2056 silvan
566 2002 592 2046 dt
609 1997 706 2045 luminis
718 1997 789 2044 orbus

178 2081 287 2145 Rupibus
297 2080 400 2127 incursat
412 2098 418 2126 z
430 2076 569 2143 fredamque
579 2078 676 2126 brachia
687 2077 745 2124 tabo
899 2082 945 2130 190

177 2155 208 2205 ln
225 2172 290 2203 mare
300 2152 463 2219 protendens,
479 2169 576 2218 gentem
592 2154 725 2201 exsecratur
737 2150 861 2200 Achivam.

178 2233 260 2299 Atque
273 2234 320 2283 ait:
330 2233 352 2280 0
364 2233 370 2281 i
383 2235 402 2280 si
412 2235 465 2297 quis
476 2231 562 2280 referat
572 2234 631 2279 mihi
643 2232 707 2279 casus
717 2226 818 2291 Ulyffen
829 2230 836 2278 l

177 2310 228 2359 Aur
246 2308 351 2374 aliquem
369 2324 381 2357 e
398 2309 467 2357 sociis
477 2340 486 2365 ‚
496 2309 521 2355 in
532 2322 605 2372 quern
616 2322 668 2354 mea
681 2304 817 2355 seriatim!

177 2386 275 2435 Viscera
285 2390 352 2450 cujus
362 2383 445 2439 edam,
465 2388 532 2449 eujus
542 2387 646 2434 viventia
658 2382 741 2433 dextrd

177 2464 289 2513 Membra
309 2463 363 2512 mei
380 2464 485 2533 laniem,
503 2465 574 2527 eujus
586 2464 646 2511 mihi
663 2462 755 2527 sanguin
765 2458 869 2514 inundet
896 2481 938 2526 195

178 2540 288 2601 Guttur,
301 2544 326 2588 dt
339 2539 391 2589 elisi
403 2537 520 2603 trepident
537 2540 580 2587 sub
594 2537 704 2588 dentibus
724 2554 802 2596 attuit

108 2653 115 2673 s
177 2617 370 2677 Quirenarum,
378 2632 418 2664 aut
428 2613 636 2665 levesirdamnum
644 2619 703 2666 mihi
711 2615 770 2665 lucie
779 2614 889 2666 ademtae!

176 2694 235 2745 Haec
247 2727 255 2754 ,
278 2697 303 2743 &
315 2693 382 2757 plura
393 2693 469 2741 ferox.
484 2695 527 2742 Me
537 2693 627 2743 luridus
640 2696 856 2759 occupabuntur,

173 2774 326 2837 Spectantem
335 2771 414 2818 vultus
425 2773 556 2819 etiamnum
566 2770 630 2821 taede
640 2771 763 2821 madentes
774 2806 782 2832 ,

175 2846 341 2913 Crudelerque
351 2862 453 2909 manus,
472 2851 498 2897 δι
512 2852 607 2899 inanem
618 2850 714 2900 luminis
724 2852 807 2903 orbem
819 2888 828 2913 ,
891 2874 938 2905 200

173 2926 352 2991 Membreque,
364 2928 389 2974 δι
399 2924 505 2975 humano
513 2930 769 2995 concretamfsanguine
781 2931 887 2981 barbam.

136 3035 138 3042 ,
173 3005 244 3055 Mors
251 3018 302 3052 erat
312 3003 607 3064 ante‘ocuioe3minimum
614 3021 693 3075 tamen
703 3008 746 3057 illa
757 3008 886 3061 malorum.

174 3082 206 3131 Et
222 3086 271 3145 jam
286 3082 425 3146 prensnmm
436 3086 505 3147 ,iam
513 3087 562 3148 jam
571 3102 625 3134 mea
635 3087 723 3137 viscera
735 3086 802 3135 rebar

174 3159 203 3209 In
219 3160 258 3207 sua
275 3161 407 3209 mersurum
417 3178 425 3209 ε
436 3164 559 3228 mentique
571 3165 673 3213 herebat
684 3166 766 3227 imago

174 3236 300 3323 Temppris
312 3238 398 3302 iuius,
413 3256 463 3308 quo
473 3238 524 3294 vidi
536 3242 592 3292 bina
604 3258 714 3292 meorum
888 3264 931 3312 ²05

720 3317 778 3387 oiij
