2334 4150
271 517 318 598 76
418 512 463 581 P.
502 515 661 581 Orrnrr
695 514 891 585 NAsours

269 632 300 683 Et
312 650 367 683 cum
379 634 464 684 Leneo
475 636 574 700 genialis
585 638 692 685 consitor
702 653 771 696 uve,

222 729 248 775 ¹5
261 711 452 779 'Nyeieliusqum
462 712 603 778 Eleleusque
609 726 707 779 parens,
716 720 740 763 δι
751 716 895 776 lacchur,'&
903 714 973 766 Euan
978 733 991 775 3

268 789 299 838 Et
310 806 362 857 quae
373 804 483 854 praeterea
494 806 535 855 per
546 791 630 855 Graias
642 792 745 856 plurima
757 809 841 858 genter

268 868 560 926 Nomina‚Liber,haber.
570 868 627 917 Tibi
633 872 698 918 enim
704 872 855 921 inconsumta
859 876 986 938 juventasy

267 946 304 994 Tu
315 962 373 1009 puer
383 961 499 1005 aeternus,
512 962 536 995 tu
549 946 735 997 formosissimus
746 949 796 999 alto

265 1022 419 1089 Conspicerir
428 1023 508 1074 corlon
524 1026 585 1083 tibi,
598 1024 653 1073 crim
666 1029 716 1074 aine
726 1028 839 1076 cornibus
854 1028 929 1084 astar,

214 1110 245 1141 20
263 1102 404 1166 Virgineum
415 1117 486 1166 caput
498 1102 530 1151 est
542 1121 548 1151 a
561 1103 647 1151 Oriens
657 1104 701 1151 tibi
712 1105 786 1153 vibius
796 1138 805 1163 ,
816 1102 848 1154 ad
859 1122 935 1171 usque

208 1204 210 1210 f
262 1180 369 1229 Decolor
381 1194 488 1229 extremo
504 1180 552 1245 qui
562 1182 668 1244 cingitur
678 1178 746 1230 india
758 1182 850 1247 Gange.

262 1258 367 1306 Penthea
377 1263 403 1306 tu
415 1293 422 1313 .
432 1255 582 1316 venerande,
593 1257 817 1325 bipenniferumque
825 1261 961 1325 Lycurgum
974 1295 984 1321 ,

262 1336 412 1401 Sacrilegor,
430 1339 533 1393 maiiasy
552 1337 723 1399 Tyrrhenaque
734 1340 810 1386 mittis
820 1341 847 1387 in
857 1355 940 1404 aequor

261 1414 380 1480 Corpora.
393 1415 430 1464 Tu
448 1416 556 1479 bijugum
568 1416 635 1478 pistis
651 1417 754 1479 insignia
765 1414 837 1463 frenis

212 1499 239 1545 25
260 1492 333 1542 Colla
343 1496 429 1557 premis
441 1491 539 1553 lyncum
551 1512 556 1540 =
569 1494 667 1542 Bacchae
677 1494 801 1557 Satyrique
813 1495 960 1559 sequuntur3

259 1570 354 1636 Quique
365 1572 433 1619 senex
445 1569 521 1619 feruli
534 1570 662 1619 titubantes
674 1571 752 1618 ebrius
763 1585 827 1620 artur

259 1649 379 1704 Sustinet3
396 1652 420 1696 bc
431 1646 510 1711 pando
522 1664 572 1706 non
583 1647 678 1695 fortiter
688 1649 763 1695 haret
774 1647 857 1698 asello.

259 1726 416 1791 Quacumque
425 1722 571 1789 ingrederis,
586 1725 679 1773 clamor
689 1726 818 1790 juvenilis,
831 1730 856 1775 bt
868 1725 916 1776 una

258 1803 277 1851 F
278 1807 375 1853 emineae
385 1818 456 1853 vocer
466 1836 473 1861 ,
485 1801 635 1867 impulsaque
650 1817 765 1867 tympana
776 1803 881 1869 palmis,

211 1889 241 1935 30
259 1880 420 1947 Concavaque
431 1896 478 1931 aera
488 1881 572 1929 sonant
582 1914 591 1940 ,
605 1879 728 1947 longoque
737 1880 859 1951 foramine
870 1884 955 1931 buxus.

258 1962 356 2010 Pacatus
368 1962 498 2025 mitisque,
514 1975 602 2026 rogant¹
613 1958 742 2008 Ismenides
753 1995 761 2020 ,
779 1959 856 2018 adsis;

256 2036 367 2106 iussaque
380 2040 443 2088 sacra
455 2036 547 2088 colunt.
560 2037 621 2088 Solae
633 2036 770 2101 Minyeides
780 2040 863 2101 intus,

257 2118 425 2184 Intempestiui
437 2117 557 2166 turbantes
569 2116 626 2165 felia
637 2116 767 2175 Minerval,

256 2198 304 2246 Aut
314 2195 405 2246 ducunt
416 2195 497 2255 lanas,
510 2210 550 2244 aut
562 2193 660 2246 stamina
672 2195 760 2259 pollice
769 2195 882 2253 versant,
954 2198 962 2212 ·

209 2283 234 2326 35
255 2275 302 2325 llut
312 2278 402 2324 herent
412 2276 481 2334 telae,
496 2269 645 2338 famulasque
656 2273 776 2322 laboribus
788 2285 881 2334 urgent.

255 2355 276 2403 E
287 2356 371 2422 quibus
385 2369 433 2404 una
448 2352 494 2403 levi
505 2349 624 2402 deducens
634 2349 723 2414 pollice
734 2347 820 2404 filumy

255 2433 323 2482 Dum
333 2429 423 2482 celsam
432 2430 504 2489 aliae,
515 2443 699 2491 commentaque
712 2428 776 2474 sacra
786 2424 959 2492 frequentant,

231 2567 233 2573 .
256 2511 307 2562 Nos
315 2527 411 2578 quoque
419 2545 427 2570 ‚
436 2525 493 2576 quas
502 2506 591 2559 Pallas,
601 2504 686 2552 melior
694 2504 746 2553 Dea
753 2539 761 2563 ‚
768 2501 874 2564 detinet,
882 2509 973 2572 inquit,

255 2589 322 2639 Utile
332 2605 391 2654 opus
403 2601 518 2640 manuum
528 2587 596 2634 vario
607 2584 715 2630 sermone
726 2581 832 2630 levemus
841 2599 849 2641 ς

206 2686 237 2727 40
256 2671 345 2735 Perque
357 2671 422 2717 vices
432 2659 542 2730 aliquid,
555 2658 623 2727 quod
634 2675 743 2725 tempora
754 2659 828 2726 longa
837 2659 913 2711 videri

255 2747 313 2797 Non
322 2749 399 2804 sinat,
417 2746 443 2792 in
455 2738 562 2791 medium
572 2755 658 2789 vacuae
670 2738 800 2789 referamus
811 2737 842 2788 ad
852 2755 928 2790 aures.

254 2827 324 2876 Diua
333 2826 453 2889 probant,
464 2821 614 2886 primamque
625 2819 709 2882 jubent
719 2833 811 2865 narrare
821 2819 923 2866 sorores.

253 2905 316 2963 Illa,
328 2899 386 2968 quid
397 2918 409 2949 e
421 2898 504 2948 mulus
516 2897 617 2950 referat,
629 2912 684 2945 narn
697 2894 800 2960 plurima
810 2911 896 2955 norat,

254 2981 356 3046 Cogitat
368 2997 374 3027 ι
388 2981 410 3027 bt
423 2975 496 3026 dubia
507 2975 556 3034 est,
568 2971 599 3023 de
612 2990 653 3032 re,
665 2972 815 3035 Babylonia,
827 2988 927 3035 narret,

205 3071 233 3112 45
254 3060 367 3117 Derceri‚
381 3071 453 3122 quam
464 3068 546 3106 versa.
563 3053 668 3117 squamis
676 3050 810 3100 velantibus
823 3064 905 3111 artus,

254 3140 342 3202 Stagna
353 3133 469 3184 Palaestini
480 3128 579 3178 credunt
591 3125 718 3178 celebralie
730 3126 806 3192 figuti
816 3143 825 3186 5

255 3219 292 3263 An
303 3215 378 3278 magis
390 3225 416 3260 ut
426 3211 509 3259 sumtis
519 3207 584 3257 illius
600 3205 651 3257 filia
659 3209 743 3272 pennis
