2334 4150
182 555 187 565 '
279 563 343 651 178
402 556 463 635 ,Ρ.
492 560 863 628 ovrnrrNAsours
930 565 932 570 ’

229 678 363 745 3301ncipit
380 680 494 745 apiano:
507 678 644 746 devexaque
661 681 776 746 prospicit
790 695 854 731 arra.

275 756 332 818 Qud
348 759 400 823 post
412 758 487 823 quim
502 774 587 807 venere
596 761 642 808 viri
654 792 662 817 ,
674 773 726 822 patr
737 760 796 806 retia
807 754 909 806 tendunt
921 770 932 814 e

274 836 377 885 Vincula
394 851 446 899 pars
457 833 567 885 adimunt
576 837 674 884 canibus
685 869 693 895 ‚
703 851 755 900 pars
762 831 837 899 pressa
845 831 981 900 sequunturi

274 913 346 976 Signa
365 909 470 976 pedum,
490 916 636 978 cupiuntque
655 915 723 962 suum
734 915 835 977 reperire
845 911 990 976 periclum

254 1023 259 1028 -
274 987 389 1040 Concava
405 991 475 1042 vallic
485 1005 536 1040 erat
543 1021 553 1051 ‚
573 989 623 1057 qui
633 992 656 1038 se
666 988 790 1039 demittere
802 992 847 1038 rivi

228 1064 397 1117 iiidffirerant
406 1069 516 1133 pluvialis
528 1085 594 1135 aqua
606 1087 613 1115 e
625 1082 690 1116 tenet
702 1069 751 1116 irna
767 1066 855 1116 lacuna

273 1143 348 1196 Lenta
359 1146 416 1194 salin
429 1181 438 1204 ‚
449 1147 566 1212 ‚ulvaeque
578 1146 658 1200 leven,
674 1148 786 1210 juncique
796 1143 925 1208 palustres,

272 1220 417 1288 viminaque
429 1259 438 1284 ‚
450 1228 475 1272 uc
491 1223 563 1288 longa
573 1239 650 1288 parve
660 1223 702 1271 sub
713 1220 827 1271 arundine
838 1237 929 1270 cannae.

273 1298 336 1348 Hinc
354 1315 409 1366 aper
419 1304 509 1350 excitur
519 1300 612 1350 medior
622 1301 742 1351 violentus
754 1303 779 1348 in
790 1299 865 1348 hoster

272 1375 373 1438 Fertur,
391 1383 530 1429 utexcutsis
545 1378 597 1429 elisi
612 1380 713 1428 nubibus
724 1381 799 1443 ignes.
873 1419 876 1423 .

226 1455 389 1510 3408ternitur
406 1459 501 1506 incursu
515 1472 615 1514 nemus,
635 1459 660 1504 ut
670 1455 782 1520 propulsa
792 1453 911 1519 fragorem

272 1533 336 1583 Silva
347 1531 390 1583 dat
401 1553 407 1582 ι
418 1535 553 1584 exclamant
569 1539 686 1599 iuvenes,
701 1547 860 1598 pratentaque
875 1531 934 1581 forti
958 1561 960 1566 ·

272 1610 333 1659 Tela
344 1626 426 1661 tenent
436 1610 536 1667 dextri,
554 1611 605 1662 lato
616 1613 736 1662 vibrantia
745 1610 818 1659 ferro.
842 1665 844 1670 ¹

271 1687 316 1737 Ille
332 1692 381 1738 ruit
392 1708 405 1748 ς’
418 1692 554 1755 spargitque
567 1705 654 1743 canes,
665 1704 692 1737 ut
703 1690 803 1755 quisque
818 1685 896 1736 ruenti

272 1764 356 1815 Obstat
366 1785 372 1814 ε
385 1771 410 1815 ὃ(
420 1767 523 1831 obliquo
532 1767 643 1816 latrantes
654 1765 752 1830 dissipat
760 1767 816 1813 istu.

225 1840 356 1906 345Cuspis
374 1842 491 1891 Echionio
502 1842 607 1907 primurn
619 1857 729 1891 contorta
740 1841 829 1890 lacerto

272 1920 339 1968 Vana
350 1919 415 1974 fuit,
432 1935 564 1985 truncoque
583 1917 651 1968 dedit
664 1919 715 1967 leve
726 1919 810 1967 vulnus
823 1933 921 1967 acerno.

271 1996 399 2057 Proxima,
419 2000 438 2045 ri
454 2000 535 2046 nimiis
550 1999 668 2046 mittentis
681 1997 771 2046 uiribus
787 1997 827 2045 usa

270 2073 329 2124 Non
341 2074 423 2137 foret,
444 2078 470 2124 in
489 2091 555 2141 tergo
564 2077 615 2124 visa
626 2074 658 2124 est
670 2076 759 2124 haesura
770 2078 855 2139 petito.

270 2151 376 2218 Longius
396 2152 417 2202 it
431 2156 527 2203 :anaor
541 2154 582 2203 teli
595 2154 714 2217 Pagasaeus
728 2152 805 2201 lason.

225 2231 380 2289 riulione,
394 2234 428 2279 ait
442 2229 586 2295 Ampycides
597 2266 606 2290 ‚
618 2228 637 2278 ri
646 2245 668 2279 te
679 2231 791 2296 coluique
802 2230 904 2297 coloque
916 2249 925 2291 ς

269 2307 309 2357 Da
326 2310 407 2366 mihi,
424 2306 491 2376 quod
502 2313 607 2374 peritur,
621 2322 686 2357 certo
697 2312 835 2372 contingere
851 2310 909 2358 reio.

269 2384 324 2443 Qua
341 2389 435 2449 potuit,
457 2388 566 2450 precibus
577 2386 642 2434 Deus
657 2388 749 2434 annuit.
765 2386 824 2434 Istuc
841 2386 952 2449 abillo,

269 2460 315 2511 sed
331 2464 381 2510 sine
400 2462 512 2517 vulnere,
530 2478 585 2527 aper
601 2480 607 2509 r
623 2462 712 2511 sermm
731 2460 809 2511 Diana
827 2464 919 2513 volanti

268 2539 403 2590 Abstulerat
413 2539 512 2603 jaculo:
527 2540 619 2605 iignum
636 2542 685 2589 sine
697 2544 805 2590 acumine
819 2543 894 2591 venit.

223 2625 248 2670 ii
255 2617 305 2669 5112
323 2616 368 2666 feri
379 2633 446 2667 mota
457 2617 503 2666 est:
516 2634 560 2667 nec
571 2617 673 2666 fulmine
686 2618 761 2667 lenius
773 2619 836 2667 arsit.

268 2696 320 2743 Lux
332 2700 407 2746 micat
419 2712 447 2745 ex
457 2695 552 2757 oculir,
567 2698 707 2761 spiratquee
720 2700 813 2762 pectore
826 2695 945 2747 flamma·
964 2728 966 2733 ·

267 2773 349 2841 thue
365 2774 434 2826 volat
443 2775 536 2835 moies,
547 2771 650 2824 addusto
662 2778 757 2825 concita
771 2791 865 2835 nervo,

267 2849 334 2901 cum
349 2855 411 2917 petit
427 2866 468 2902 aur
484 2868 587 2911 muros,
608 2867 649 2901 aut
663 2852 744 2916 plenas
763 2852 839 2901 milite
852 2866 943 2914 turrer;
961 2862 979 2895 ·2

267 2926 296 2976 In
305 2932 401 2993 juvenes
414 2929 480 2979 vasto
490 2932 523 2977 ric
531 2932 620 2995 impete
630 2929 755 2980 vulnificus
765 2933 802 2980 sus

221 3005 350 3067 rtoFertur
363 3024 370 3056 t
381 3009 405 3055 it
423 3005 573 3071 Eupalamon
588 3007 766 3072 Pelagonaque,
779 3004 860 3057 dextra
872 3022 967 3060 tuentes

266 3082 365 3134 Cornua
376 3120 384 3145 ,
398 3084 523 3149 prosternit
533 3102 539 3132 t
551 3085 609 3134 socii
620 3100 715 3149 rapuere
726 3088 836 3149 iacentes.
982 3078 985 3083 ’

266 3160 298 3207 At
318 3178 368 3210 non
383 3162 488 3211 letiferos
499 3160 584 3227 effugit
599 3162 726 3211 Enaesimus
738 3164 814 3221 icius,

265 3235 434 3301 Hippocoonte
445 3242 524 3290 satur:
537 3239 711 3308 trepidantem,
727 3244 751 3291 ὃι
763 3254 828 3307 terga
837 3257 962 3309 parantem
