2334 4150
289 524 335 589 94
458 499 501 568 P.
529 500 684 569 Ovrnrr
705 503 900 572 NAsours

287 623 349 672 Mox
359 637 441 676 tamen
451 624 585 683 Acrisium,
602 639 668 676 tanta
679 625 711 674 eli
722 627 844 690 prasentia
854 629 903 676 veri
915 625 922 676 l

287 701 351 751 Tam
361 699 458 753 violail'e
467 701 547 750 Deum
557 737 566 761 ,
579 719 652 768 quam
663 718 713 752 non
724 702 822 768 agnblse
831 721 959 770 nepotem,

287 780 391 830 Poenitet
401 799 406 829 r
418 782 543 846 impositus
554 785 603 845 jam
615 782 678 831 coelo
689 784 721 830 est
731 782 791 831 alter
802 801 808 832 =
822 799 848 833 at
858 784 916 832 alter

287 858 381 922 Viperei
394 858 496 907 referens
507 859 611 923 spolium
623 860 778 908 memorabile
789 861 889 910 monstri

238 940 344 994 615Aera
358 939 469 1002 carpebat
483 953 592 986 renerum
606 936 755 988 stridentibus
770 939 822 988 alis.

287 1015 398 1082 Ctimque
409 1019 477 1081 super
488 1017 588 1079 Libycas
599 1019 675 1066 visior
689 1015 802 1082 penderet
816 1033 914 1085 arenas,
1012 1037 1020 1046 ·

285 1094 408 1159 Gorgonei
418 1099 501 1160 capitis
511 1110 585 1160 gutcae
595 1093 701 1144 cecidere
711 1111 815 1144 cruentae
822 1113 835 1154 ς’
879 1099 882 1108 “

284 1171 350 1230 Quas
361 1175 448 1222 humus
459 1188 566 1239 exceptas
577 1177 656 1224 varios
666 1176 781 1222 animavit
791 1177 815 1222 in
827 1189 923 1238 angues.

283 1249 354 1300 Unde
365 1251 475 1318 frequens
485 1251 528 1302 illa
538 1252 588 1312 est,
599 1251 730 1316 infestaque
741 1266 803 1301 tetra
813 1252 927 1302 colubris.

233 1420 279 1456 620
313 1409 388 1466 Inde,
399 1428 441 1476 per
450 1413 596 1462 immensum
605 1414 683 1462 ventis
693 1409 840 1462 discordibus
851 1413 930 1472 adius,

280 1487 351 1537 Nunc
363 1492 409 1538 buc
419 1525 427 1550 ‚
442 1507 507 1540 nunc
517 1491 594 1550 illuc,
611 1491 721 1556 exemplo
731 1492 800 1540 nubis
810 1491 919 1556 aquosa,

279 1567 361 1617 Fertur
373 1603 381 1628 ‚
399 1573 423 1618 bt
434 1587 463 1619 ex
472 1570 522 1620 alto
532 1569 637 1619 seduuas
648 1571 734 1619 aecliere
744 1567 815 1633 longe

278 1645 405 1712 Despesiat
413 1664 502 1708 terras3
515 1664 642 1714 totumque
653 1647 787 1712 supervolat
796 1647 889 1694 orbem.

278 1723 326 1772 Ter
336 1724 426 1789 gelidas
436 1728 518 1774 Arsios
528 1759 537 1785 ,
553 1740 589 1775 ter
599 1725 688 1775 Cancri
699 1726 794 1792 brachia
805 1721 867 1772 vidit
876 1739 883 1780 3

229 1797 343 1866 ⁶2isaepe
352 1804 396 1850 sub
405 1805 501 1851 occasus
512 1837 520 1862 ,
537 1805 597 1868 saepe
608 1803 640 1852 est
651 1802 743 1852 ablatus
753 1804 779 1850 in
790 1815 865 1849 ortus.

275 1880 374 1947 Jamque
385 1879 484 1930 cadente
494 1879 552 1941 die,
566 1883 655 1931 veritus
666 1882 689 1930 se
700 1877 795 1928 credere
806 1879 870 1926 nodi
882 1910 891 1938 ,

273 1955 390 2007 Constitit
400 1958 531 2024 Hesperio,
546 1962 624 2024 regnis
634 1957 736 2008 Atlantis
749 1992 756 2018 ,
770 1960 795 2006 in
806 1957 863 2005 orbs
875 1974 883 2014 3

273 2035 437 2104 Exiguumque
446 2041 506 2103 petit
515 2040 621 2104 requiem
632 2071 641 2097 ‚
656 2035 714 2087 dum
725 2034 820 2086 Lucifer
831 2037 896 2101 ignes

274 2112 365 2165 Evocct
375 2118 489 2177 Aurora,
500 2133 582 2166 currus
593 2123 684 2167 Aurora
693 2114 799 2171 d'utrnos.

225 2208 252 2258 53
257 2193 321 2247 oilie
332 2197 459 2245 hominum
469 2197 565 2245 cundos
575 2198 667 2261 ingenti
677 2211 777 2259 corpore
787 2192 895 2259 prestans

272 2270 431 2334 Iapetionides
440 2272 507 2323 Atlas
516 2273 563 2322 fnit
573 2294 579 2321 ι
593 2274 678 2321 ultima
689 2272 759 2321 tellus

271 2349 335 2411 Rege
345 2350 388 2397 sub
398 2352 463 2410 hoc,
476 2354 501 2399 bc
512 2365 600 2415 pontus
610 2365 659 2400 erat
671 2385 679 2407 ,
697 2353 739 2415 qui
750 2348 811 2397 Solis
821 2343 911 2395 anhelis

269 2424 377 2491 AEwora
386 2425 466 2475 subdit
474 2430 540 2494 equis
551 2462 560 2487 ‚
573 2432 599 2477 bt
611 2424 682 2477 fessos
692 2429 779 2491 excipit
789 2441 850 2474 axes.

269 2503 340 2553 Mille
349 2520 430 2569 greges
440 2505 479 2553 illi
489 2540 498 2565 ‚
513 2504 664 2571 totidemque
677 2520 785 2555 armenta
795 2519 837 2568 per
846 2502 930 2553 herbas
984 2553 989 2567 ,

220 2581 397 2644 635Errabant=
413 2589 438 2634 δι
449 2587 550 2633 humum
560 2587 649 2652 vicinia
659 2583 725 2633 nulla
736 2576 884 2649 premebant.
947 2626 949 2629 .

268 2664 378 2714 Arboreae
390 2662 505 2724 frondes,
518 2656 577 2712 auro
588 2662 695 2714 radiante
705 2664 826 2718 virentes,
914 2670 915 2675 ’

267 2740 303 2790 Ex
313 2754 477 2798 auro'ramos‚
490 2758 517 2791 ex
528 2758 587 2791 auro
598 2758 671 2807 poma
682 2743 802 2807 tegebant.

267 2820 376 2885 Hospes,
390 2824 424 2870 ait
434 2822 527 2870 Perseus
537 2820 593 2880 illi,
605 2823 644 2870 seu
655 2819 732 2885 gloria
743 2822 820 2885 tangit

268 2898 303 2947 Te
313 2901 404 2963 generis
413 2902 494 2964 magni
504 2916 512 2958 3
526 2902 618 2964 generis
630 2901 689 2948 mihi
699 2899 805 2961 luppiter
814 2898 895 2947 auiior
905 2914 913 2944 ε

219 2968 321 3026 ⁶40sive
332 2994 356 3026 es
369 2981 469 3027 mirator
479 2994 557 3027 rerum
570 2994 577 3037 ;
596 2978 711 3026 mirabere
721 2975 817 3025 nostras.

266 3056 406 3121 Hospitium
414 3058 568 3122 requiemque
577 3070 633 3122 peto
645 3074 651 3103 ι
663 3070 758 3103 memor
766 3054 807 3103 ille
817 3053 913 3104 vetuste

265 3135 342 3183 Sortis
350 3150 417 3184 crat:
429 3134 527 3184 Themis
537 3136 598 3183 hanc
609 3130 706 3183 dederat
716 3132 823 3181 Parnasia
833 3133 920 3181 sortem
926 3148 939 3191 ς

267 3211 390 3278 Tempus,
403 3212 476 3276 Atia,
486 3216 581 3269 veniet,
594 3228 635 3265 tua
645 3229 694 3280 quo
704 3211 844 3278 spoliabitur
859 3228 917 3264 auto
971 3278 978 3293 Ι
