2334 4150
218 545 221 549 ·
318 543 365 607 42
405 521 449 593 P.
493 524 927 607 OvtotrNAronrs

272 640 407 700 roolncidit
421 646 446 693 in
462 660 582 707 matrem,
598 668 652 716 que
661 654 764 718 restitit,
783 659 874 711 Arcade
886 664 959 723 viso,

317 718 349 769 Et
359 725 512 785 cognoscenti
522 726 606 775 similis
617 728 671 779 fuit.
684 732 729 782 lile
738 736 847 802 refigit,

318 796 482 866 humoresque
491 802 575 853 oculos
589 808 649 855 inse
661 812 711 858 sine
720 811 768 862 fine
779 830 900 868 tenentem

317 876 416 926 Nescius
433 882 559 931 extimuit:
573 888 716 952 propiusque
728 891 840 943 accedere
849 902 930 949 aventi

315 950 440 1005 vulnifico
451 956 527 1008 fuerat
541 958 630 1010 fixurus
638 968 731 1028 peiiora
744 968 803 1020 telo.

270 1033 313 1083 505
319 1030 400 1081 Arcuit
418 1034 577 1100 Omnipotens
589 1058 595 1088 t
607 1045 740 1110 pariterque
751 1050 861 1117 ipsosque
876 1056 993 1123 nefasque

316 1108 414 1159 Sustulit
421 1127 430 1169 3
448 1116 474 1161 &
489 1114 560 1165 celeri
571 1134 651 1183 raptos
661 1137 703 1186 per
712 1126 791 1175 inania
805 1146 879 1180 vento

315 1183 434 1254 Imposuit
452 1191 537 1253 coelo,
552 1197 679 1263 vicinaque
696 1199 772 1253 sidera
790 1205 857 1256 fecit.

320 1367 324 1371 ⁴
349 1346 467 1400 Intumuit
482 1352 562 1413 iutro,
580 1356 633 1419 posi
646 1358 720 1423 quim
732 1363 794 1412 inter
805 1364 881 1416 sidera
893 1369 975 1433 pellex

316 1426 393 1477 Fulrit
405 1447 411 1477 ε
423 1433 447 1479 δι
460 1428 490 1478 ad
503 1447 586 1481 canam
602 1432 724 1488 descendit
738 1443 763 1489 in
774 1457 875 1509 aequora·
881 1446 980 1510 Tethyn
992 1483 1002 1507 ‚

270 1504 487 1574 troOce‘annmque
505 1510 600 1570 senem3
615 1530 718 1579 quorum
733 1525 863 1572 reverentia
873 1528 953 1575 movit

316 1583 381 1648 Saepe
394 1584 473 1635 Deos:
482 1590 623 1657 causamque
635 1597 680 1643 viae
689 1598 895 1653 scitantibusinfit.

316 1660 444 1723 Quantis,
463 1668 568 1715 athereis
578 1686 651 1733 quare
660 1677 741 1737 regina
751 1676 859 1728 Deorum

315 1737 414 1789 Sedibus
430 1744 477 1790 huc
493 1742 568 1791 adsim
581 1752 644 1810 ?pro
658 1767 697 1798 me
711 1765 776 1802 tenet
787 1755 861 1807 altera
871 1761 973 1813 culum.

315 1814 436 1877 Mentior,
454 1820 580 1871 obscurum
597 1827 642 1873 nisi
657 1843 704 1875 nox
715 1829 770 1878 crim
782 1832 865 1884 fecerit
874 1839 961 1889 orbem
972 1875 982 1902 ,

268 1892 396 1956 5r5Nuper
413 1898 539 1947 honoratas
550 1902 665 1960 summo,
684 1922 737 1955 mea
751 1910 865 1973 vulnera,
885 1916 951 1966 culo

315 1969 427 2022 videritis
447 1974 523 2025 liellas
542 1977 609 2038 illic,
627 1982 667 2029 ubi
684 1986 786 2036 circulus
805 2006 873 2039 axem

313 2048 420 2100 Ultimus
436 2068 588 2118 extremum,
606 2059 729 2128 spatioque
746 2065 911 2126 brevissimus,
927 2073 1025 2138 ambit„

314 2128 354 2180 Est
366 2131 438 2187 verd,
455 2150 496 2183 cur
514 2139 566 2202 quis
580 2138 697 2188 Iunonem
713 2140 798 2193 laedere
810 2147 890 2208 nolit,

314 2207 484 2276 Offensamque
501 2216 604 2264 tremat!
618 2234 670 2282 qua
681 2222 770 2284 prosim
781 2223 832 2272 sola
842 2225 964 2278 nocendo.

267 2285 349 2352 520Dr
360 2304 405 2352 ego
418 2305 534 2354 quantum
546 2295 597 2357 egi!
611 2295 684 2359 quim
698 2299 759 2347 valia
772 2306 879 2362 potentia
889 2305 971 2354 nostra
983 2305 1028 2356 eil!

312 2360 366 2413 Effe
383 2367 506 2416 hominem
517 2373 581 2418 vetui
595 2371 672 2420 :iasii
682 2373 714 2421 eli
726 2374 785 2423 Dea.
801 2378 838 2425 Sic
850 2393 895 2441 ego
912 2396 1000 2443 poenas

312 2442 423 2490 Sontibus
433 2447 533 2508 impono
545 2465 551 2494 r
564 2451 598 2495 sic
612 2449 645 2496 eli
656 2466 708 2499 mea
720 2467 805 2516 magna
818 2456 929 2518 potestat.

311 2517 425 2570 Vindicet
435 2526 557 2588 antiquam
570 2523 656 2575 facicm
669 2565 677 2587 ‚
688 2529 814 2596 vultusque
834 2532 923 2582 ferinos

310 2594 444 2647 Detrahat:
459 2601 570 2665 Argolici
585 2603 652 2669 quod
665 2609 691 2654 in
709 2621 762 2656 ante
778 2609 915 2661 Phoronide
927 2613 995 2667 fecit.

265 2671 363 2736 5erur
375 2691 425 2725 non
436 2681 458 2726 iit
477 2679 544 2743 pulsi
559 2679 632 2732 ducat
647 2684 759 2746 lunone,
778 2703 882 2755 meoque

310 2752 426 2805 Collocet
436 2759 460 2804 in
472 2758 578 2809 thalamo
591 2795 599 2819 ,
614 2762 769 2830 socerumque
779 2765 891 2827 Lycaona
902 2769 1000 2819 sumat?

309 2837 343 2882 At
361 2851 404 2882 vus
421 2837 439 2884 si
454 2834 513 2886 lesa
525 2853 660 2888 contemtus
676 2845 752 2905 tangit
763 2841 879 2904 alumnae,

310 2911 410 2974 Gurgite
421 2913 522 2963 caeruleo
533 2917 622 2981 septem
633 2920 756 2983 prohibete
766 2921 867 2971 Triones
878 2941 888 2983 ς

309 2984 436 3054 Sideraque
451 2991 475 3038 in
487 2991 570 3052 coelo,
587 2994 658 3059 stupri
669 2995 792 3054 mercede,
807 3015 902 3064 recepta

263 3076 273 3122 5
280 3064 394 3122 jo'Pellite
405 3085 411 3116 :
423 3082 453 3116 ne
461 3085 521 3133 puro
532 3073 637 3137 tingatur
650 3075 673 3123 in
684 3091 778 3141 equore
791 3077 877 3141 pellex.

309 3141 344 3190 lli
355 3147 424 3194 maris
440 3162 577 3200 annuerant.
591 3151 671 3201 Habili
684 3155 792 3203 Saturnia
805 3172 875 3204 curru

309 3219 443 3287 Ingreditur
457 3224 577 3294 liquirlum
594 3232 726 3296 pavonibus
739 3239 793 3286 a'e'ta
811 3235 893 3300 pistiss
