2334 4150
224 545 655 631 Mr-:TAMourrrosuou
680 528 719 597 L.
744 529 811 597 IV.
845 550 885 616 91

168 667 293 724 Clamat,
309 663 356 722 Io,
371 662 488 717 comites,
504 658 541 706 hir
554 657 615 705 retia
625 651 715 702 tendite
726 649 790 699 silvis
801 665 809 708 ;
912 679 915 686 .

168 749 218 799 Hic
230 744 310 798 modo
320 759 376 793 cum
387 740 483 805 gemina
492 738 542 787 visa
551 735 584 784 est
595 735 655 783 mihi
666 729 732 796 prole
744 729 828 778 leaeua.

169 829 255 894 thue
268 825 326 875 ferae
335 857 344 883 ,
359 823 465 886 sequitur
474 815 572 880 vestigia
581 814 691 878 conjugis
703 823 785 858 amens
794 821 803 864 ς

170 907 259 972 Deque
268 908 322 953 sinu
332 902 414 950 matris
423 894 559 952 ridentem,
571 896 596 942 δι
607 906 680 956 parva
690 887 824 936 Learchum
899 888 941 933 5¹5

170 985 275 1036 Brachia
285 978 442 1030 tendentem,
452 975 531 1039 rapit3
542 975 567 1021 δι
577 972 615 1020 bis
625 984 706 1035 terque
717 981 757 1030 per
767 978 836 1017 auras

170 1063 246 1113 More
256 1075 323 1110 rotat
333 1055 413 1108 fundae
425 1072 432 1102 r
444 1049 570 1117 rigidoque
579 1049 681 1099 infantia
691 1049 747 1095 saxo

171 1141 282 1191 Discutit
292 1133 343 1186 offa
353 1135 429 1184 ferox.
440 1133 506 1180 Tum
516 1127 620 1194 denique
630 1127 725 1176 concita
736 1137 829 1183 mater,
904 1135 906 1143 ’

172 1221 220 1268 Seu
231 1216 306 1267 dolor
315 1217 363 1263 hoc
374 1211 448 1266 fecit,
466 1211 506 1258 seu
516 1208 589 1272 sparsi
601 1205 670 1256 causa
680 1205 781 1260 veneui3

172 1295 308 1352 Exuiulat,
320 1294 439 1358 passisque
451 1288 514 1352 fugit
524 1285 587 1335 mali
598 1278 653 1333 'sana
664 1280 776 1348 capillis,

173 1375 260 1442 Teque
270 1373 348 1423 ferens
357 1372 457 1436 parvum
471 1365 558 1424 nudis,
575 1362 701 1418 Melicerta
713 1394 721 1420 ‚
739 1360 849 1415 lacertis,

173 1455 276 1512 Evohe‚
291 1452 400 1508 Bacche,
416 1449 493 1496 sonat.
505 1445 592 1494 Bacchi
604 1443 646 1499 sub
657 1441 756 1490 nomine
766 1437 829 1485 Juno

173 1534 237 1583 Risit
250 1551 256 1581 t
269 1535 295 1580 dc
307 1565 316 1590 ,
333 1529 384 1578 Hos
394 1528 449 1575 usus
458 1523 550 1590 praestet
560 1522 625 1579 tibi,
641 1517 702 1568 dixit
711 1519 723 1577 ,’
735 1513 854 1565 alumnus.

172 1613 291 1662 Imminet
301 1607 435 1674 aequoribus
446 1601 556 1666 scopulus
568 1618 574 1648 t
587 1614 640 1664 pars
651 1599 700 1645 ima
710 1607 806 1644 cavatur

174 1689 316 1742 fluctibus,
330 1690 354 1734 oc
367 1686 437 1734 tedas
447 1678 557 1731 defendit
567 1680 597 1728 ab
606 1677 722 1728 imbribus
733 1671 807 1723 undas
816 1690 824 1732 3
899 1696 941 1742 525

174 1768 276 1817 Summa
287 1769 364 1830 riget3
381 1761 534 1825 frontemque
541 1762 567 1807 in
574 1771 684 1823 apertum
694 1757 796 1821 porrigit
805 1767 895 1819 aequor.

175 1847 288 1910 Occupat
299 1845 379 1896 hunc,
392 1842 454 1890 vires
463 1840 554 1888 insania
565 1836 671 1894 fecerat,
682 1835 727 1884 Ino
737 1852 745 1893 3

174 1927 254 1992 Seque
264 1924 334 1986 super
343 1935 461 1985 pontum,
478 1916 547 1966 nullo
558 1913 651 1965 tardata
660 1917 764 1978 timore,

175 2003 276 2062 Mittit,
292 2015 400 2064 onusque
410 1999 479 2046 suum
489 2014 496 2045 s
508 1993 614 2060 percussa
624 1996 747 2044 recanduit
758 1991 830 2044 unda.

174 2084 208 2133 ht
219 2083 303 2130 Venus
312 2082 438 2129 immerite
449 2079 527 2141 neptis
537 2078 647 2125 miserata
658 2074 768 2133 iabores,
900 2084 946 2132 530

174 2162 214 2210 Sic
226 2175 314 2225 patruo
325 2156 435 2207 blandita
445 2158 488 2205 suo
498 2155 532 2204 est
542 2174 549 2203 s
561 2155 600 2203 ΟΞ
614 2169 704 2202 numen
715 2168 849 2217 aquarum,

176 2240 292 2288 Proxima
302 2241 340 2286 cui
350 2236 414 2286 coelo
426 2238 513 2293 cessit,
529 2234 641 2297 Neptune
652 2266 660 2289 ,
676 2231 795 2297 potestas,

174 2318 270 2381 Magna
281 2313 380 2381 quidem
391 2316 464 2380 posco
476 2332 482 2361 t
494 2310 535 2361 sed
544 2328 571 2362 ru
581 2313 692 2361 miserere
703 2326 831 2370 meorum,

176 2395 263 2444 latiari
274 2410 336 2460 quos
346 2397 422 2442 cernis
432 2393 537 2442 inionio
548 2391 667 2440 immenso
677 2406 685 2448 ς
813 2428 815 2433 r

176 2473 209 2522 Et
220 2471 268 2521 Dis
278 2470 340 2521 adde
350 2475 396 2521 tuis
408 2492 415 2521 s
430 2471 510 2537 aliqua
521 2474 547 2519 δι
558 2472 619 2519 mihi
631 2472 705 2535 gratia
716 2484 793 2533 ponto
805 2468 855 2529 est·,
901 2464 944 2511 5³5

178 2552 202 2599 Si
212 2566 297 2600 tamen
307 2553 334 2599 in
344 2548 387 2599 dio
397 2548 520 2616 quondam
531 2564 642 2598 concreta
653 2546 775 2613 profundo
948 2532 953 2544 ⁸

176 2632 268 2695 Spuma
282 2629 334 2689 fui,
346 2630 494 2695 Graiumque
505 2643 587 2679 manet
597 2630 656 2676 mihi
668 2644 757 2677 nornen
768 2628 799 2678 ab
809 2626 862 2679 illa.

176 2711 272 2759 Annuit
281 2711 361 2759 oranti
370 2707 496 2773 Neptunus
508 2726 514 2755 z
526 2711 549 2755 dt
563 2707 660 2756 abstulit
670 2706 734 2761 illis,

176 2785 254 2849 Quod
264 2785 367 2837 mortale
379 2786 425 2835 fuit
435 2804 443 2845 3
460 2784 654 2849 maiestatemque
664 2780 794 2831 verendam

177 2866 314 2932 imposuit,
328 2881 466 2942 nomenque
475 2862 547 2912 simul
560 2862 694 2929 faciemque
705 2866 821 2922 novavit;
901 2903 946 2951 540

175 2945 365 3011 Leucothoeque
376 2944 456 2993 Deum
468 2960 525 2993 cum
535 2958 610 2993 matre
621 2942 756 2992 Polemone
766 2940 836 2993 dixit.

896 1267 944 1302 <20

208 3088 316 3141 Sidonia
328 3093 447 3146 comites,
459 3105 575 3157 quantum
585 3089 700 3150 valuere,
715 3092 815 3146 secuta.

175 3171 250 3234 Signa
260 3167 351 3233 pedum
364 3173 443 3234 primo
454 3166 533 3217 videre
543 3170 673 3217 novissima
683 3170 755 3226 saxo,

174 3247 228 3301 Nec
241 3246 344 3298 dubium
358 3245 389 3297 de
399 3262 479 3297 morte
493 3262 569 3310 tate,
582 3244 718 3298 Cadmeida
729 3244 816 3313 palmis
