2334 4150
233 551 666 622 Mernmonrrrosuort
695 553 734 623 L.
766 556 833 627 IV.
859 559 900 651 85

179 672 289 742 Ecquid
300 677 325 724 se
336 673 436 734 deceat,
451 676 563 741 spetiatas
574 676 679 727 consulit
690 675 775 727 undas.

178 754 257 805 Nunc
270 754 404 821 perlucenti
415 753 562 805 circumdata
573 773 658 822 corpus
668 758 776 816 amiblu,

180 832 306 882 Mollibus
317 848 358 881 aut
369 832 451 886 foliis.
465 847 507 882 aut
517 833 632 884 mollibus
643 834 742 884 incubet
751 834 840 883 herbis.

179 914 250 977 Saepe
262 912 322 978 legit
333 910 404 961 flores
416 931 421 960 ι
434 915 459 960 bt
470 927 527 963 tunc
541 929 637 979 quoque
647 912 711 962 forte
722 912 835 978 legebat,
910 911 954 963 ³¹5

179 990 250 1042 Ctlrn
263 1006 365 1056 puerum
375 988 437 1041 vidit
449 991 590 1056 :visumque
601 994 693 1057 optavit
702 991 798 1039 habere.

179 1068 234 1119 Nec
250 1084 333 1117 temen
346 1084 401 1124 ante
414 1065 490 1129 adiit,
506 1071 549 1117 etsi
560 1070 703 1133 properabit
713 1067 798 1129 adire,

179 1147 265 1209 Qudtn
278 1150 302 1197 se
314 1148 467 1212 composuit,
481 1146 555 1213 quim
565 1149 732 1213 circumspexit
742 1149 861 1208 amictus,

179 1226 213 1276 Et
224 1226 296 1275 finxit
305 1226 419 1284 vultum3
431 1229 456 1275 bt
466 1228 553 1274 meruit
564 1225 671 1275 Formosa
678 1223 764 1275 videri.

180 1304 252 1353 Tunc
263 1307 297 1353 sic
308 1304 361 1354 orsa
372 1302 456 1369 loqui:
469 1304 528 1353 Puer
539 1302 556 1353 ὂ
567 1304 573 1353 i
586 1302 724 1368 dignissime
734 1303 798 1354 credi
904 1319 950 1366 5²0

178 1379 234 1431 Effe
247 1382 313 1431 Deus
323 1400 331 1441 3
347 1384 387 1430 seu
399 1396 424 1430 tu
433 1382 498 1431 Deus
509 1399 551 1441 es,
567 1396 635 1449 potes
647 1380 693 1432 elle
704 1380 820 1448 Cupido,

178 1460 234 1510 Sive
245 1477 270 1509 er
282 1458 410 1518 mortalis,
423 1462 464 1526 qui
479 1475 501 1509 te
512 1477 629 1526 genuere,
644 1462 726 1519 beatis

178 1538 211 1587 Et
223 1538 298 1587 stater
309 1537 384 1597 felix,
398 1542 422 1587 bt
434 1538 556 1588 fortunata
566 1538 692 1603 profesti),

177 1618 202 1665 si
214 1632 262 1681 qua
273 1617 319 1665 tibi
330 1618 397 1665 soror
407 1617 457 1677 est,
471 1620 496 1665 δι
508 1622 560 1684 ‘quse
570 1615 639 1666 dedit
651 1618 723 1666 ubera
731 1619 821 1668 nutrix.

178 1692 224 1744 Sed
235 1692 309 1760 longe
320 1698 426 1751 cunsiis,
440 1695 559 1763 longique
571 1698 695 1761 potentior
704 1696 771 1754 illis,
903 1697 945 1747 3²5

176 1775 201 1822 Si
212 1790 260 1840 qua
273 1775 318 1823 tibi
329 1776 413 1839 sponsa
423 1775 472 1834 eli,
483 1777 503 1823 si
513 1790 585 1840 quarn
597 1772 723 1840 dignabere
733 1775 804 1827 taedd.

176 1850 236 1901 Haec
249 1854 293 1902 tibi
303 1856 352 1903 sive
363 1852 443 1919 aliqua
452 1853 485 1902 est
496 1888 503 1913 ,
518 1870 572 1903 mea
584 1857 615 1903 sit
625 1855 714 1906 furtiva
724 1856 835 1921 voluptas
846 1871 854 1915 3

177 1931 223 1979 Seu
230 1931 299 1981 nulla
305 1932 348 1991 est,
356 1947 401 1996 ego
408 1934 451 1980 siro
460 1950 466 1981 t
475 1932 656 1999 thalamumque
662 1936 768 1985 ineamus
775 1933 895 1984 eumdem.

176 2006 237 2057 Nais
248 2009 279 2058 ab
292 2011 327 2058 his
339 2006 432 2059 tacuit:
443 2013 510 2076 pueri
520 2011 594 2061 rubor
603 2028 644 2062 ota
654 2016 747 2063 notavit

176 2084 263 2138 Nescia
274 2086 334 2153 quid
345 2091 375 2138 tit
385 2105 452 2138 amor
464 2109 469 2138 ι
481 2086 522 2138 sed
533 2095 558 2140 δι
569 2089 686 2140 erubuisse
696 2090 804 2142 decebat.
900 2111 947 2157 330

176 2163 225 2213 Hic
238 2164 310 2214 color
320 2166 401 2231 aprici
412 2165 569 2232 pendentibus
581 2171 666 2218 arbore
674 2173 773 2236 pomis,

176 2243 225 2292 Aut
236 2244 305 2292 ebori
316 2247 389 2294 tinslo
399 2247 450 2304 ests
462 2261 504 2296 aut
514 2248 556 2296 sub
568 2246 672 2297 candore
683 2250 796 2310 rubenti,

177 2320 243 2372 Crlm
255 2322 340 2372 frustra
349 2325 461 2374 resonant
472 2342 518 2376 aere
531 2326 672 2388 auxilieris,
683 2328 765 2377 Lunae.

176 2399 288 2450 Poscenti
301 2399 420 2467 Nymphae
433 2406 482 2452 sine
494 2402 541 2453 fine
552 2407 643 2454 sororia
654 2405 738 2456 saltem

177 2477 282 2538 Oscula,
293 2483 390 2547 jamque
400 2499 483 2532 manus
494 2481 524 2533 ad
534 2486 636 2534 eburnea
645 2485 711 2536 colla
720 2485 824 2547 ferenti,
898 2501 941 2548 335

177 2556 290 2608 Desinis?
304 2559 434 2624 aufugio?
447 2575 591 2628 tecumque,
605 2565 656 2623 ait,
670 2565 713 2614 ilia
722 2564 832 2632 relinquo
844 2568 853 2614 i

176 2636 291 2687 Salmacis
300 2641 413 2688 extimuit
423 2657 429 2689 ι
440 2641 551 2706 Locsque
561 2643 612 2691 haec
624 2643 669 2691 tibi
679 2641 754 2692 libera
764 2641 833 2692 trado
843 2677 851 2701 ,

175 2711 267 2779 Hospes
278 2749 287 2775 ,
299 2717 332 2764 ait
344 2735 351 2764 e
363 2716 507 2784 simulatque
518 2716 593 2783 gradu
603 2717 722 2767 discedere
731 2722 809 2769 verso.

175 2776 240 2827 Tum
252 2795 347 2846 quoque
359 2783 504 2846 respiciens,
520 2783 681 2849 fruticumque
694 2782 819 2834 recondita
832 2784 893 2834 silvi

175 2853 280 2907 Delituit
292 2877 298 2906 ι
311 2858 447 2926 flexumque
459 2877 521 2926 genu
536 2861 652 2911 submisit.
667 2862 700 2912 At
710 2861 769 2922 ille,
810 2917 812 2919 ‚
895 2879 941 2927 ³4⁰

150 2989 153 2994 ¹
175 2932 209 2983 Ur
218 2952 296 3000 puer,
308 2941 425 2989 &vacuis
439 2954 466 2989 ut
478 2941 640 2992 inobservatus
651 2943 678 2992 in
690 2944 787 3004 herbis,

174 3010 226 3061 Huc
237 3017 281 3080 inp,
290 3019 316 3064 bt
329 3019 385 3066 irinc
396 3017 455 3067 illuc
467 3037 474 3067 r
485 3023 511 3070 bt
522 3024 548 3070 in
562 3018 723 3072 alludentibus
733 3021 804 3073 undis

175 3090 393 3160 Summa'pedum,
408 3096 505 3164 taloque
518 3114 585 3150 tenus
596 3101 693 3166 vestigia
704 3105 785 3166 tingit.
881 3110 896 3141 Γ

172 3166 223 3216 Nec
234 3186 320 3221 mora:
335 3178 450 3238 temperie
462 3175 604 3228 blandarum
614 3194 696 3243 ceptus
706 3195 821 3254 equarum
833 3215 841 3240 ,

172 3243 260 3296 Mollia
270 3245 300 3298 de
312 3264 394 3302 tenero
405 3252 524 3305 velamina
536 3271 636 3323 corpore
646 3261 726 3323 ponit.
894 3264 937 3312 345
