2334 4150
228 506 654 578 Mrurrorrrrrorrou
670 505 708 576 L.
722 506 822 576 rm.
848 527 910 599 305

196 626 234 676 'i'e
244 643 326 680 tamen
336 665 346 691 ,
358 628 391 680 o!
403 633 491 695 virgo,
503 646 577 694 genus
587 627 651 680 haud
659 631 754 680 immite
764 630 880 678 virorum*
895 631 909 643 ‘

194 703 313 771 Expetit3
331 722 405 774 utque
415 708 475 757 facis
486 739 496 768 ,
508 722 575 773 poter
587 709 622 756 hit
634 711 732 773 impune
742 722 826 771 negare
838 723 847 764 ·,

102 820 103 835 r
193 783 228 834 At
245 788 327 846 mihi,
345 789 383 836 eui
398 800 466 852 pater
479 786 513 836 eli
522 785 615 836 Nereus
625 817 634 846 ‚
644 802 718 852 quam
728 783 815 834 crerula
824 782 898 832 Dotis

193 859 273 913 Enixa
285 864 318 912 eil
329 882 338 923 3
352 880 406 931 qua
416 865 469 913 sum
480 861 552 914 urrbi
560 878 657 929 quoque
668 878 720 912 tuta
729 863 854 920 sororum,

193 938 266 996 lion,
282 945 330 991 niti
339 959 381 1008 per
395 940 496 1002 liumus,
506 941 576 991 licuit
587 939 703 1006 Cyclopis
714 954 822 988 amorem
914 935 959 987 745
1028 989 1030 998 Ι

192 1015 305 1084 Effugere
314 1038 322 1070 a
331 1024 357 1069 ic
368 1021 480 1082 lacryma
494 1035 581 1070 vocem
598 1017 728 1084 impediere
738 1016 868 1084 loquentis.

192 1095 263 1156 Quae
273 1098 315 1145 ubi
328 1113 466 1148 marmoreo
481 1094 580 1147 detersit
589 1097 677 1162 pollice
686 1098 772 1160 virgo,

190 1171 224 1222 Et
236 1174 312 1224 solata
321 1174 400 1224 Deam
407 1175 440 1224 eii
450 1191 460 1233 ·,
469 1174 555 1230 Refer,
565 1173 597 1224 o!
611 1176 748 1232 carissima,
766 1170 846 1232 dixit}

189 1249 258 1302 Neve
274 1255 310 1302 tui
321 1255 415 1302 causam
427 1269 502 1319 tege,
517 1254 569 1302 sum
582 1253 626 1302 tibi
638 1249 687 1301 fida
695 1285 708 1312 r
717 1247 816 1300 doloris.

189 1326 274 1378 Nereis
283 1332 321 1380 his
336 1347 421 1381 contra
436 1332 544 1382 resecuta
552 1327 673 1382 Crataeide
685 1345 775 1378 natam.
904 1339 959 1390 750

219 1407 276 1456 Acis
286 1423 357 1467 etat,
372 1410 458 1460 Fauno
467 1408 630 1473 Nymphique
642 1404 786 1469 Symaethide
797 1420 874 1456 cretus
887 1441 897 1468 ,2

185 1484 280 1549 Magna
288 1483 387 1551 quidem
403 1487 523 1550 patrieque
537 1487 573 1534 sui
581 1487 712 1548 matrisque
728 1483 857 1548 voluptas,

185 1563 275 1612 Nostra
286 1576 366 1612 tamen
375 1567 463 1628 major.
480 1563 546 1614 Nam
559 1578 600 1612 me
610 1563 656 1611 ribi
664 1565 772 1628 junxerat
783 1562 825 1610 uui

183 1629 301 1690 Pulchert
309 1644 334 1690 ot
346 1676 356 1702 ,
370 1644 462 1692 ostonis
474 1643 563 1692 itemm
572 1640 693 1692 natalibus
702 1641 776 1698 abir,

183 1719 295 1784 Signirat
310 1718 386 1770 dubii
401 1734 492 1770 tenerae
505 1720 617 1786 lanugine
632 1717 717 1767 malas.
904 1725 951 1779 755

183 1797 256 1847 Hunc
274 1815 335 1864 epo,
355 1816 396 1848 me
409 1798 533 1864 Cyclope,
543 1798 614 1848 nullo
623 1813 678 1846 cum
691 1794 738 1846 fine
746 1795 852 1862 petebat·

183 1874 235 1939 Nec
248 1912 256 1935 ‚
268 1881 287 1925 ri
298 1880 432 1944 quatieris,
444 1875 528 1928 odium
541 1876 676 1942 Cyclopis,
689 1889 787 1924 amorne

182 1953 264 2003 Acidis
274 1958 301 2004 in
309 1957 381 2006 nobis
389 1955 460 2006 fuerit
467 1957 605 2020 presentior
616 1989 624 2015 ,
637 1951 716 2004 edam.

180 2031 226 2083 Par
238 2036 358 2101 utrimque
374 2033 429 2085 fuit.
443 2032 508 2085 Pro!
522 2048 612 2100 quanta
625 2033 733 2098 potentie
750 2029 818 2097 tegni

178 2109 221 2159 Est
232 2146 241 2170 ‚
263 2113 344 2161 Venus
353 2113 418 2163 alma
429 2147 438 2173 ,
452 2113 502 2162 tui!
513 2129 600 2178 nempe
607 2111 648 2161 ille
659 2112 776 2165 immitis,
786 2112 811 2159 δι
821 2112 876 2175 ipsis
899 2126 948 2173 760

178 2186 321 2241 Horrendus
333 2190 415 2248 silvie,
428 2194 453 2240 bt
464 2192 526 2242 visus
537 2193 566 2239 ab
580 2192 673 2254 hospite
683 2188 753 2238 nullo

178 2262 282 2330 Impune
293 2300 302 2326 ,
321 2271 347 2317 ot
356 2272 438 2335 magni
453 2286 509 2319 cum
520 2268 565 2317 Dis
575 2282 712 2317 contemtor
724 2267 842 2333 Olympi,

178 2339 245 2401 Quid
256 2344 286 2393 rit
295 2360 380 2405 arnor,
391 2346 462 2397 sentit
473 2366 480 2397 e
490 2347 612 2414 nostrique
624 2343 735 2415 cupidine
747 2362 829 2411 captur

177 2416 279 2482 Uritur,
295 2424 386 2474 oblitus
396 2442 511 2491 pecorum
520 2441 693 2492 antrorumque
708 2426 815 2476 suorum.

175 2496 277 2565 Jamque
287 2504 331 2553 tibi
340 2502 442 2565 forme,
454 2508 552 2571 jamque
563 2504 596 2557 est
610 2506 655 2555 tibi
668 2520 724 2554 cura
734 2503 860 2571 placendi5
895 2518 941 2569 7f5

173 2574 228 2623 Jam
238 2574 327 2639 rigidos
339 2580 410 2641 pestis
420 2578 511 2633 tastris,
523 2579 670 2646 Polypheme
680 2612 690 2638 ,
700 2578 809 2643 capillos.

173 2648 228 2698 Jam
238 2648 297 2699 libet
304 2652 419 2700 hirsutam
428 2654 472 2701 tibi
483 2652 544 2703 falce
555 2652 658 2705 recidere
670 2653 785 2714 barbam,

172 2726 206 2775 Et
224 2728 326 2790 spectare
337 2727 400 2778 feros
413 2732 439 2777 in
450 2747 529 2796 aqua,
548 2735 573 2781 &
591 2748 751 2797 componere,
766 2732 856 2783 vultus.

172 2801 257 2853 Cedis
272 2819 357 2865 amor,
371 2804 515 2874 feritarque²
529 2811 626 2876 sititque
636 2812 752 2861 immensa
763 2816 852 2862 cruoris
862 2847 871 2874 ,

171 2878 292 2931 Celiartt:
305 2886 330 2931 ie
341 2896 398 2933 tuta
409 2889 507 2937 rreniuut
516 2889 650 2957 abeuntque
662 2892 756 2941 carinaet
889 2912 938 2961 770

171 2960 287 3013 Telemut
299 2964 389 3015 interea
399 2964 503 3016 Siculam
513 2963 604 3016 delatus
614 2965 645 3017 ad
660 2968 766 3027 AEtnen,

170 3036 286 3092 Telemus
297 3039 455 3103 Eurymides.
470 3060 542 3110 quem
553 3044 620 3094 nulla
630 3043 824 3105 fefellerataler‚

170 3116 314 3167 Terribilem
324 3120 491 3186 Polyphemon
498 3121 562 3182 adir3
571 3123 724 3189 lumenque,
734 3122 802 3187 quod
811 3136 886 3176 unum

171 3192 262 3248 fronte
272 3200 334 3261 getis
343 3196 443 3262 medii,
458 3202 535 3271 rapiet
550 3201 595 3253 tibi
607 3235 617 3262 ,
632 3198 706 3255 dixit.
717 3196 820 3265 Ulyffcs.
