2334 4150
227 537 653 630 MnrAruonrrrossurr
666 529 705 596 L
719 528 798 596 XV.
816 547 894 616 »559

177 658 250 709 Parte
262 661 291 708 ab
305 673 403 723 utraque
415 653 500 704 sonarit
509 672 516 702 a
529 656 554 702 &
564 649 669 702 adorate
679 653 732 700 aira
742 647 833 705 fumis3

178 737 410 808 maquebconjet‘los
421 731 545 782 incalfacit
555 729 632 779 hoilia
643 727 742 777 cultros.
896 725 948 771 735·

179 815 281 880 Jamque
294 848 302 874 ,
319 800 391 878 eaput
401 809 498 869 renim,
514 808 649 858 Romanam
660 807 789 855 intraverat
795 802 895 861 urbem,

178 893 287 956 Erigitur
296 893 389 954 serpens
401 905 409 948 ς
420 890 563 951 summoque
571 884 671 934 acclinia
681 885 748 932 malo

179 968 256 1021 Colla
272 981 370 1028 movet,
387 963 500 1031 sedesque
517 965 561 1013 tibi
576 962 738 1024 circumspicit
748 974 823 1024 aptas.

179 1044 301 1096 Scinditur
311 1048 337 1093 in
352 1047 458 1108 geminas
470 1057 547 1106 partes
558 1038 712 1090 circumfluus
727 1040 821 1094 amnis3

178 1123 258 1172 Insula
267 1139 357 1171 nomen
368 1122 439 1170 habet
451 1139 457 1168 ι
470 1121 641 1184 laterumquea
655 1130 719 1182 parte
730 1114 833 1166 duorum
897 1110 946 1156 74⁰

179 1200 284 1264 Porrigit
301 1198 424 1265 aquales,
442 1196 522 1246 medii
532 1195 638 1254 tellure,
656 1195 766 1244 lacertos.

180 1272 236 1325 Huc
252 1279 274 1325 se
293 1274 322 1325 de
334 1276 400 1325 Latia
410 1278 468 1340 pinu
485 1275 613 1324 Phoebe'ius
628 1275 711 1336 anguis

180 1352 310 1404 Contulit:
323 1356 348 1401 ut
360 1352 451 1411 fiuent,
465 1354 541 1417 specie
554 1351 649 1399 coeleiie
663 1349 784 1409 resumti,

180 1430 294 1480 Luffibus
309 1431 438 1503 impositu,
453 1431 566 1492 venitque
576 1424 683 1474 salutifer
693 1425 762 1474 Urbi.

215 1586 263 1635 ilie
280 1601 360 1635 tamen
378 1587 476 1634 accessit
493 1582 597 1635 delubris
610 1582 701 1634 advena
715 1583 813 1640 nostrin
901 1584 945 1628 745

181 1663 264 1714 Caesar
282 1667 307 1714 in
319 1648 387 1713 llrbe
397 1656 439 1712 lui
449 1663 514 1711 Deus
524 1664 572 1712 est:
584 1677 659 1732 quem
667 1664 747 1712 Mirtt
759 1661 864 1728 rogique

182 1741 333 1806 Praecipuum
346 1775 354 1800 ,
372 1757 423 1790 non
438 1741 502 1790 bella
516 1745 593 1807 magis
604 1733 675 1792 ‘finiti
686 1743 828 1806 triumphis,

182 1822 277 1885 Resque
288 1819 356 1890 dorni
368 1819 452 1884 gella,
465 1834 637 1886 properataque
648 1821 725 1886 gloria
735 1836 814 1869 return
826 1853 835 1881 ,

182 1898 213 1946 In
225 1895 288 1946 sidus
297 1897 388 1947 verrere
397 1913 487 1948 novum
501 1897 660 1964 ,stellamque
676 1913 813 1949 comantem
825 1933 833 1958 ,

183 1974 265 2035 Quam
282 1976 322 2026 sua
331 1979 464 2042 progenies.
476 1975 563 2043 Neque
579 1979 644 2026 enirn
656 1975 685 2026 de
695 1976 795 2028 Calatis
806 1978 861 2024 aclis
902 1968 949 2015 75⁰

182 2053 270 2103 Ullum
288 2058 364 2120 majus
379 2071 455 2120 opus,
472 2054 547 2121 quim
557 2044 626 2121 quoti
636 2067 701 2119 pater
709 2053 795 2105 exstitit
806 2055 884 2119 hujus.

183 2133 281 2183 Scilitet
289 2147 411 2198 aequoreos
424 2133 477 2197 plus
487 2134 520 2182 est
530 2129 649 2183 domuill'e
660 2132 785 2182 Britannos
796 2132 803 2181 l

183 2210 276 2275 Perque
286 2209 414 2275 papyriferi
424 2209 564 2275 septemflua
574 2209 674 2259 flumina
686 2207 737 2259 Nili

183 2289 299 2338 Viilrites
317 2279 388 2353 egill'e
399 2288 475 2337 rates!
494 2286 659 2353 Numidasque
671 2285 788 2343 rebelles,

184 2364 381 2433 Cinyphiumque
391 2366 491 2419 iubam,
503 2362 713 2431 Mithridatilsque
724 2367 859 2413 tumentem
903 2368 928 2413 75
938 2369 947 2414 5

184 2442 331 2492 Nominibus
342 2445 445 2493 Pontum
458 2478 466 2503 ,
485 2443 577 2508 populo
592 2440 701 2508 adjecisse
712 2443 807 2505 Quirini
819 2460 827 2504 3

185 2520 217 2570 Et
233 2522 322 2582 multos
332 2518 464 2580 neruiue,
479 2522 573 2590 aliquos
584 2518 674 2586 egisse,
692 2524 825 2585 triumphos
837 2538 845 2578 3

186 2598 269 2657 Quam
282 2598 374 2647 tannim
385 2597 575 2663 genuiffevirum
586 2634 594 2659 ,
606 2616 655 2664 quo
666 2597 869 2663 prenderetur,

185 2675 300 2725 Humano
316 2680 414 2739 generi,
431 2679 526 2741 Superi,
539 2678 631 2726 cavistis
647 2673 755 2726 abundi!

185 2751 226 2803 Ne
237 2751 299 2801 foret
309 2755 348 2802 hit
360 2755 433 2817 igitur
442 2753 540 2804 mortali
552 2756 640 2805 semine
652 2767 744 2813 cretus,
903 2762 951 2812 760

185 2830 231 2879 Ille
242 2828 306 2879 Deus
326 2828 448 2880 faciendus
458 2847 516 2881 etat.
528 2830 601 2892 Quod
612 2848 638 2883 ut
649 2842 718 2881 aurea
729 2830 790 2882 vidit

185 2906 269 2958 AEniae
283 2910 386 2977 genitrix
396 2926 406 2967 ς
420 2907 483 2960 vidit
492 2925 588 2976 quoque
597 2908 660 2960 triste
670 2913 746 2976 parari

185 2984 299 3035 Pontifici
309 2987 385 3035 letum
396 3020 404 3040 ,
415 2985 572 3053 &conjurata
581 3000 647 3039 arma
658 2992 767 3048 moveri3

186 3063 275 3114 Palluit
284 3082 290 3111 ε
299 3068 324 3113 lit
332 3067 420 3114 cursilis
429 3101 438 3126 ‚
456 3069 578 3133 ut'cuique
585 3083 637 3117 erat
647 3070 718 3118 'obvia
728 3102 736 3129 ,
749 3068 837 3125 Divis,

187 3142 287 3206 Aspice,
304 3140 419 3203 dicebat,
434 3144 594 3211 quantinrihi,
606 3146 672 3195 mole
683 3150 806 3211 parentur
905 3162 949 3213 765

188 3216 292 3271 insidia!
304 3220 440 3291 quantique
451 3238 523 3292 eaput
530 3240 587 3275 cunt
598 3220 681 3276 fraude
691 3237 785 3292 petatur
797 3258 806 3286 ,
