2334 4150
289 537 358 623 316
428 532 472 604 P.
501 534 657 605 Ovrnrr
678 537 873 604 NAsonrs

283 653 380 706 Excidit
395 668 504 721 optarem
519 661 614 722 juvenes
625 673 721 723 quoque
731 661 840 722 protinus
851 674 942 718 annon

237 735 336 787 ¹40³oe
349 750 428 784 tamen
438 735 479 784 ille
488 738 549 784 mihi
559 733 650 795 dabar,
664 750 823 800 cremansque
838 740 961 800 juventam
971 745 986 800 ,⁴

282 816 307 863 si
325 815 443 866 Venerem
454 828 554 879 paterer.
573 812 708 865 Contemto
719 829 816 863 munere
827 815 932 876 Phoebi,

281 891 374 944 lnnuba
388 908 524 958 permaneo.
540 889 587 940 Sed
600 895 650 956 jam
662 891 755 942 felicior
767 906 822 940 aetas

280 969 359 1038 Terga
374 967 456 1020 dedite
467 968 620 1034 tremuloque
632 967 707 1034 gradu
722 971 788 1018 venit
798 984 860 1034 aegra
871 969 995 1028 senesiuse

280 1046 340 1108 Quae
350 1044 462 1111 parienda
475 1045 518 1097 diu
527 1046 569 1096 eu
580 1045 644 1096 Nam
659 1051 707 1112 jam
725 1049 786 1096 milri
797 1046 875 1096 secula
890 1048 981 1112 septem

233 1125 337 1178 “sista
348 1123 416 1175 vides
428 1143 436 1173 e
448 1126 564 1190 superesi,
582 1141 694 1178 numeros
708 1138 734 1176 ut
751 1124 855 1188 pulveris
865 1140 958 1189 aequern
964 1157 979 1186 ,

280 1204 328 1252 Tor
344 1219 442 1252 tenuem
457 1201 558 1262 melles,
575 1217 723 1252 tercentum
739 1202 814 1254 musta
832 1199 922 1251 villere.

278 1281 384 1344 Tempus
394 1283 455 1340 erit,
475 1278 531 1329 crim
546 1297 585 1330 me
603 1277 633 1328 de
644 1293 712 1332 tanto
726 1295 828 1343 corpore
840 1295 938 1344 parvam

277 1357 362 1424 Longa
376 1356 427 1407 dies
441 1357 528 1406 satiate
541 1350 711 1422 tonsumraqrrt
723 1357 831 1406 membra
841 1357 932 1406 senesii

276 1434 316 1487 Ad
328 1437 459 1486 ωὶιιίωιιιιι
468 1434 605 1500 redigantur
615 1449 675 1484 onus
687 1453 694 1484 e
706 1450 751 1483 nee
765 1448 844 1482 amata
858 1431 976 1504 videbor,

231 1514 329 1582 150Nec
346 1511 459 1579 placuisse
476 1513 540 1563 Duo.
559 1513 662 1564 Phoebus
672 1529 768 1579 quoque
780 1511 881 1564 forsitan
894 1513 944 1577 ipse

278 1592 324 1641 Vel
339 1608 391 1641 non
407 1593 534 1657 agnoscet,
548 1591 587 1640 vel
599 1588 705 1640 dilexisse
720 1592 826 1654 negabit.

275 1668 358 1735 Usque
375 1668 437 1719 adeo
447 1669 626 1720 murataserarl
645 1669 754 1733 nullique
772 1666 894 1724 videnda,

275 1747 343 1798 Voce
353 1761 435 1797 tamen
442 1748 527 1800 noscas
538 1765 545 1800 e
556 1763 642 1802 vocem
653 1749 713 1802 mibi
723 1745 773 1798 fata
787 1748 933 1813 relinquent.

305 1904 375 1954 Talia
388 1938 397 1964 ,
415 1920 551 1956 convexum
565 1921 607 1970 por
617 1907 682 1965 iter,
695 1920 843 1960 memorante
860 1905 972 1969 Sibylli,

228 1980 373 2048 insedibus
384 1982 518 2032 Euboicam
530 1983 619 2048 Stygiis
629 1987 729 2049 emergit
738 1987 764 2032 in
775 1985 858 2036 urbem

273 2061 362 2112 ‘l'roi'us
383 2061 468 2113 ffneas
478 2080 486 2111 e
497 2063 614 2128 sacrisque
630 2080 642 2111 e
653 2079 720 2115 more
732 2061 823 2122 litatis,

272 2138 355 2189 Litora
364 2137 433 2199 adit,
454 2137 564 2193 nondum
582 2143 680 2193 nutricis
697 2141 808 2194 habentia
822 2157 923 2191 nomen.

271 2214 320 2265 Hic
332 2232 429 2281 quoque
442 2216 589 2277 substiterat,
607 2217 658 2281 poll
673 2215 742 2267 raedia
757 2217 830 2282 lunga
847 2218 975 2278 laborrrm,

271 2292 378 2342 Neritius
392 2294 533 2354 Macareus,
550 2311 631 2345 eomes
646 2298 786 2360 experientis
801 2290 911 2359 Ulylleie

224 2369 398 2421 rnoDeserturn
408 2370 532 2436 quondam
544 2370 629 2423 mediis
640 2377 681 2439 qui
693 2375 788 2439 rupibus
799 2374 878 2427 AEtnae

269 2446 547 2501 NoseitAclraemeniden
557 2468 564 2497 τ
574 2450 754 2517 improvisoque
767 2467 887 2516 repertum

269 2524 356 2579 Vivere
370 2527 489 2584 miratus,
506 2525 556 2586 Qui
571 2540 595 2576 te
609 2529 725 2587 casusve,
745 2528 857 2589 Deusve,

269 2603 352 2653 Servat
367 2602 552 2653 Aebtmenide?
564 2620 620 2665 tur,
639 2608 739 2671 inquit,
755 2608 854 2656 barbara
874 2609 974 2674 Graium

178 2704 181 2710 ·
269 2683 342 2732 Prota
353 2684 439 2734 uehit!
456 2685 546 2746 petitur
554 2682 635 2733 restra
646 2700 698 2749 qun
712 2699 772 2738 terra
785 2687 884 2739 carinae?

224 2760 340 2828 rthalia
356 2762 490 2825 quaerenti,
507 2763 555 2824 jam
569 2777 620 2809 non
638 2763 740 2813 hirsutus
756 2766 864 2824 amisiu,

267 2836 321 2887 Jam
331 2838 405 2897 suus,
418 2840 443 2885 ot
454 2838 525 2901 spinis
536 2839 647 2889 conserto
662 2843 767 2903 tegmine
781 2841 872 2901 nullis,

267 2915 339 2964 Farur
356 2912 534 2963 Achaemeuides
545 2934 552 2962 s
564 2918 652 2968 iterum
670 2915 852 2981 Polyphemon,
866 2924 892 2971 δι
910 2923 964 2973 illos

267 2993 386 3056 Aspiciam
402 2989 489 3040 fluidos
503 2994 609 3041 humano
622 2993 734 3057 sanguine
745 2998 832 3055 rilint,

267 3069 318 3118 Hac
338 3071 399 3117 mibi
414 3071 432 3116 si
447 3071 528 3132 potior
546 3067 633 3120 domus
650 3069 683 3119 est
697 3070 825 3139 Ithaceque
835 3078 931 3133 carini,

221 3148 290 3201 ryoSi
306 3148 385 3194 minus
401 3145 492 3195 lsnean
502 3162 602 3196 veneror
615 3149 723 3211 genitore
735 3168 741 3197 s
753 3166 796 3203 nec
807 3169 924 3221 umquam

227 3258 230 3265 .
266 3217 319 3270 Effe
333 3222 388 3270 saris
400 3237 507 3290 potero,
522 3224 630 3290 praellem
641 3224 699 3275 licet
714 3232 813 3291 omnia,
829 3248 919 3297 gratus.
