2334 4150
122 525 126 530 .
120 559 873 660 Marmorrrroszorrz.xt11.311

158 686 253 738 Pabula
266 685 390 752 decerpsi,
403 683 550 752 deceptaque
560 682 633 735 deute
649 681 782 734 momordi.

158 764 209 814 Vix
220 765 280 815 bene
291 764 475 817 combiberant
467 777 565 830 ignotos
573 777 672 828 guttura
678 763 779 822 succos,
882 773 926 820 945

89 858 93 864 ⁴
158 841 228 894 cum
248 842 327 894 subirb
344 840 478 908 trepidate
471 855 536 892 antus
546 838 678 908 praecordia
687 841 788 900 sensi,-

141 977 145 981 ‚
159 920 311 988 Alteriusque
325 924 378 987 rapi
387 936 479 972 nauita
488 923 568 986 pedus
579 936 685 970 amore..

159 996 214 1047 Nec
221 1001 290 1064 potui
301 998 385 1048 testare
395 999 468 1050 loco:
481 997 667 1064 Repetendaque
676 1013 809 1065 numquam

160 1076 237 1127 Terra
247 1111 256 1137 ‚
265 1076 320 1127 vale
332 1110 341 1138 ,
357 1075 408 1139 dixi
419 1094 426 1125 r
438 1093 572 1144 corpusque
583 1078 626 1124 sub
637 1092 733 1141 equora
743 1078 825 1130 merri.

159 1151 197 1203 Di
212 1158 284 1205 maris
294 1169 420 1219 exceptum
430 1157 497 1205 socio
505 1153 750 1220 dignanturbonore3
883 1157 931 1202 950

159 1230 245 1298 thue
255 1235 317 1284 mibi
323 1267 334 1293 ‚
345 1249 503 1302 quecumque
513 1233 605 1295 feram,
624 1232 737 1282 mortalia
746 1230 864 1292 demant,

161 1310 288 1360 Oceanum
297 1312 441 1379 Tethynque
451 1327 546 1378 rogant.
562 1312 616 1378 Ego
628 1310 713 1360 lustror
721 1312 750 1360 ab
762 1311 827 1368 illis;

161 1388 195 1438 Et
206 1423 214 1449 ,
226 1405 343 1454 purgante
351 1390 418 1440 nefas
432 1394 516 1442 novies
527 1392 589 1441 mihi
597 1391 701 1440 carmine
711 1387 775 1438 diuo
781 1423 790 1450 ,

161 1465 407 1516 Pectotassuminibur
416 1469 500 1531 jubeor
514 1469 647 1534 supponere
659 1480 767 1520 centurn.

161 1543 216 1593 Nec
227 1558 297 1592 mora
307 1561 314 1592 ι
325 1541 422 1594 diversis
433 1543 493 1608 lapsi
503 1542 534 1592 de
546 1543 655 1592 fontibus
665 1559 764 1602 amnes,
884 1555 913 1605 95
920 1557 938 1606 i*

162 1621 276 1686 Totaque
285 1635 409 1670 vertuntur
421 1624 490 1686 supra
500 1635 572 1686 caput
587 1637 683 1686 aequora
692 1621 809 1670 nostrum.

161 1697 282 1750 Hadienus
293 1700 344 1748 aua
354 1701 414 1748 mihi
425 1695 520 1765 poffum
532 1697 690 1752 memoranda
700 1699 787 1750 referre
799 1717 807 1760 3

161 1775 282 1830 nauenus
299 1779 326 1829 bc
342 1781 443 1827 memini
455 1794 518 1831 r-nec
527 1794 595 1828 meus
603 1794 657 1830 mea
668 1793 745 1832 cetera
755 1780 836 1832 sensit.

162 1854 224 1914 Quae
235 1854 288 1920 post
298 1854 373 1920 quim
380 1853 465 1916 rediit,
477 1855 552 1906 aiium
562 1874 602 1910 me
613 1874 712 1922 corpore
721 1872 792 1918 toto,

163 1935 199 1982 Ac
212 1931 303 1983 fueram
309 1950 397 2000 nuper.
408 1951 453 1987 nec
466 1933 579 1987 eumdem
594 1952 693 1996 mente,
708 1939 795 2002 recepi.
885 1943 933 1997 9⁶0

163 2009 234 2059 Hanc
243 2028 293 2078 egov
304 2027 356 2068 tum
373 2013 479 2082 primtim
488 2013 592 2066 viridem
607 2015 726 2087 ferrugine
737 2016 849 2077 barbam,

164 2087 341 2159 caesariemque
352 2109 431 2143 meam
443 2125 452 2152 ,
467 2108 541 2158 quatu
555 2092 628 2160 longa
638 2112 679 2159 per
689 2110 861 2161 aequorrverro
873 2130 882 2154 ,

164 2166 321 2235 inpenterque
330 2169 444 2219 humerus
455 2202 464 2230 ,
481 2173 506 2218 bt
517 2166 709 2223 caerula'brachia
719 2169 770 2222 vidi
783 2206 792 2231 ‚

164 2244 290 2311 Cruraque
305 2250 430 2313 pinnigero
440 2263 538 2299 curvata
547 2253 677 2301 novissima
688 2252 760 2317 pisce.

165 2322 232 2383 Quid
249 2339 330 2376 tamen
339 2327 391 2376 hac
405 2327 509 2390 species,
520 2326 580 2393 quid
590 2327 635 2378 Dis
645 2324 862 2393 placuilsemarinis
874 2339 941 2399 ,ρᾶςΔ

165 2399 232 2461 Quid
245 2406 313 2469 jurat
321 2399 368 2453 eise
379 2403 461 2458 Deum
471 2438 479 2463 ,
494 2406 514 2453 ti
525 2419 551 2455 tu
561 2422 612 2455 non
622 2411 724 2472 tangeris
735 2406 782 2459 istis
793 2410 802 2458 ἰ

165 2478 236 2528 Talia
250 2479 388 2541 dicentem,
405 2480 525 2531 disturum
538 2483 623 2549 plura,
641 2485 740 2552 reliquit

165 2555 246 2617 Scylla
258 2558 339 2616 Deum
350 2578 356 2608 ι
368 2560 490 2621 fortuite,
502 2564 654 2629 imitatusque
662 2561 756 2630 repulsi

165 2633 305 2701 Prodigiosa
315 2641 376 2702 petit
387 2636 514 2690 Titanidos
524 2642 584 2692 attia
597 2640 691 2699 Circei.

165 3027 204 3151 J
208 3108 329 3152 auour
342 3095 466 3161 Grganrers
475 3098 586 3163 inpediant
598 3098 705 3151 faucibus
719 3097 759 3147 Ji*
750 3112 824 3155 men,

167 3173 278 3238 Arvaque
298 3173 456 3239 Cyclopum,
474 3175 533 3242 quid
549 3178 620 3226 rastro
629 3176 709 3245 ‚quid
720 3172 793 3227 usus
784 3179 855 3227 aratri

167 3248 271 3312 Nescia,
287 3268 331 3303 nec
343 3256 472 3322 quicquam
482 3254 568 3323 juncus
579 3256 690 3311 debentia
701 3256 791 3319 bubus,
862 3310 865 3317 ι
