2334 4150
227 522 666 587 Mrrrrrorrrrosrorr
688 516 728 585 L.
754 520 803 585 ΙΙ.
834 544 878 606 41

150 640 339 706 Distuleratque
354 656 436 704 graves
446 643 471 688 in
485 637 574 688 idonea
588 653 698 703 tempora
711 654 803 703 pernas.

149 717 232 766 Causa
249 735 327 767 morae
336 717 403 767 nulla
414 717 445 765 est
455 736 461 763 :
471 720 495 766 δε
508 723 555 781 jam
566 732 625 781 puer
635 720 728 771 Areas,
743 714 770 765 id
780 718 858 781 ipsum

150 794 268 845 Indoluit
278 797 360 848 Juno,
374 795 451 843 fuerat
462 793 491 843 de
502 793 588 859 pellice
598 810 677 844 natus.
874 858 881 865 ‚

150 872 211 933 Quo
222 874 298 921 simul
310 874 417 922 obvertit
433 874 519 920 saevam
531 887 588 920 cum
603 873 694 921 lumine
708 889 815 923 mentem
826 892 835 933 3
885 891 933 935 470

148 952 253 999 Scilicet
271 954 318 999 hoc
334 966 410 999 unum
427 950 547 1009 restabat,
561 948 687 1010 adultera,
701 949 780 1011 dixit,

149 1028 193 1076 Ut·
206 1028 315 1077 fecunda
331 1029 416 1088 fores,
432 1026 546 1093 fieretque
561 1031 647 1091 injuria
661 1045 730 1093 partu

151 1092 221 1154 Nota
231 1110 240 1164 ‚⁴
260 1106 374 1171 Jovisque
385 1108 432 1154 mei
442 1104 663 1154 testatumdedecus
675 1103 748 1156 effeti

153 1182 226 1233 Haud
238 1187 340 1248 impune
351 1182 410 1231 feres
422 1201 429 1229 e
439 1180 544 1231 adimam
556 1185 600 1231 tibi
611 1200 697 1248 nempe
708 1183 809 1249 figuram
821 1208 840 1246 ,’

154 1261 209 1321 Qui
225 1264 272 1311 tibi
285 1297 293 1322 ,
307 1261 402 1327 quique
413 1261 491 1325 places
501 1262 600 1320 nostro,
613 1264 769 1326 importuna,
780 1266 926 1320 marito.475

152 1340 241 1389 Dixit:
255 1344 280 1389 δι
293 1374 302 1398 ,
322 1338 419 1391 adversa
430 1342 518 1403 prensis
530 1355 543 1387 a
554 1338 634 1389 fronte
645 1340 755 1404 capillis,

154 1420 232 1469 Stavit
244 1421 314 1467 humi
329 1433 440 1481 pronam.
453 1414 578 1465 Tendebat
590 1418 686 1465 brachia
702 1416 812 1481 supple13

152 1495 257 1545 Brachia
271 1511 397 1560 coeperunt
406 1497 479 1559 nigris
487 1496 621 1543 horrescere
631 1493 696 1544 villis
708 1528 716 1554 ‚

155 1572 310 1639 Curvarique
320 1588 420 1631 manus,
434 1576 458 1621 &
471 1570 575 1621 aduncos
589 1572 691 1620 crescere
701 1574 728 1619 in
738 1589 826 1636 ungues
837 1608 846 1633 ,

155 1649 294 1716 Officioque
313 1648 401 1715 pedum
413 1650 481 1714 fungi
495 1668 502 1699 e
514 1647 658 1714 laudataque
670 1648 794 1715 quondam
875 1649 925 1707 480

155 1729 205 1789 Ora
217 1730 296 1788 lovi,
315 1729 365 1777 lato
381 1727 431 1777 fieti
447 1726 567 1777 deformia
577 1730 645 1777 tistu.

153 1808 221 1857 Neve
241 1824 322 1871 preces
339 1810 452 1865 animos,
472 1810 496 1855 &
508 1806 579 1855 verba
591 1810 699 1871 potentia
712 1804 829 1863 fleaant,

154 1883 224 1933 Posse
243 1884 313 1949 loqui
331 1886 429 1950 eripitur
442 1901 506 1933 :vox
521 1882 636 1937 iracunda
651 1888 796 1950 minaxque,

154 1962 275 2028 Plenaque
287 1965 383 2011 terroris
393 1978 464 2012 rauco
476 1960 504 2010 de
517 1976 612 2026 gutture
624 1962 706 2012 fertur.

153 2040 224 2097 Mens
241 2028 342 2105 antiqua
359 2053 439 2088 tamen
450 2038 510 2090 faui
520 2056 617 2105 quoque
632 2043 720 2089 mansit
730 2042 756 2088 in
771 2030 832 2089 ur'sa.
875 2037 922 2098 485

153 2107 369 2183 Assiduoquesuos
379 2120 470 2182 gemitu
487 2118 569 2166 testata
580 2116 676 2166 dolores
688 2150 697 2175 ‚

154 2197 348 2261 Qualescumque
358 2212 441 2244 manus
453 2193 483 2244 ad
494 2195 584 2244 coelum
597 2199 621 2244 δι
633 2193 710 2243 sidera
718 2195 802 2253 tollit3

153 2275 325 2340 ingratumque
337 2274 420 2322 Jovem
433 2307 441 2332 ,
458 2288 560 2338 nequeat
571 2263 626 2322 etim
638 2272 730 2328 dicere,
746 2275 825 2323 sentit.

153 2353 190 2406 Ah
201 2353 208 2402 l
227 2355 339 2416 quoties,
351 2349 401 2399 sou
415 2367 463 2399 non
476 2353 530 2400 ausa
541 2352 661 2416 quiescere
671 2351 749 2410 silvi,

153 2429 214 2478 Ante
232 2427 334 2478 domum
345 2463 352 2489 ,
371 2426 540 2493 quondamque
551 2430 597 2476 suis
609 2433 695 2478 erravit
705 2433 731 2477 in
741 2434 802 2493 agris
813 2429 821 2479 l
873 2451 923 2495 490

154 2508 207 2556 Ab!
227 2509 325 2571 quoties
341 2522 381 2570 pet
394 2507 445 2554 saxa
456 2522 541 2556 canum
561 2506 684 2556 latratibus
698 2510 749 2558 aeia
759 2509 807 2559 est!

155 2585 317 2649 Venatrirque
329 2588 394 2633 metu
406 2583 535 2634 venantiim
548 2588 628 2633 territa
637 2585 713 2649 fugit!

155 2664 218 2726 Sape
230 2661 367 2710 ferislatuit
378 2663 433 2708 visis
444 2695 453 2719 ‚
469 2661 547 2710 oblita
558 2661 618 2726 quid
627 2660 701 2720 eisets

155 2739 260 2804 Ursaque
278 2739 415 2802 conspectos
425 2742 450 2787 in
460 2741 581 2788 montibus
594 2742 687 2786 hormie
696 2741 762 2788 ursos
773 2757 782 2796 3

153 2815 326 2880 Pertimuitque
343 2815 427 2879 lupos,
442 2819 551 2882 quamvis
567 2829 634 2880 pater
646 2813 703 2863 effet
718 2818 743 2864 in
760 2815 819 2865 illis.
869 2838 915 2886 495

980 2026 993 2059 l

184 2973 247 3023 Ecce
261 2974 386 3035 Lycaonia
398 2974 475 3038 proles
485 2977 566 3040 ignata
577 2976 670 3039 parenti

154 3051 224 3100 Artas
241 3049 321 3110 adest,
340 3067 375 3100 ter
387 3056 492 3118 quinque
507 3051 554 3102 fere
568 3054 686 3103 natalibus
699 3056 764 3102 affis.

153 3128 267 3194 Dumque
286 3129 346 3184 feras
361 3131 483 3195 sequitur,
497 3129 554 3180 dum
568 3131 640 3179 saltus
651 3130 719 3194 eligit
728 3146 811 3193 aptos,

154 3206 324 3273 Nexilibusque
335 3207 411 3274 plagis
423 3207 493 3264 silvas
503 3206 686 3275 Erymanthidas
696 3195 773 3265 ambit
781 3241 792 3272 2
