2334 4150
264 450 692 517 Mernnonrnosron
717 448 754 515 L.
779 449 809 517 Ι.
843 471 884 537 23

176 566 298 621 Cornibus
311 604 319 629 ‚
337 573 362 618 Sc
374 572 447 617 niveae
460 567 563 633 pendens
572 571 664 618 cervice
675 571 796 633 juvence,

175 648 215 699 Me
230 650 346 697 miserum
357 646 364 697 2
381 649 527 712 ingeminat:
538 662 594 695 tune
603 663 627 695 es
638 648 785 713 quaesitaptr
795 662 877 696 omnen

177 727 254 787 Nata,
271 728 333 775 mihi
345 729 434 775 tetras?
448 740 472 774 tu
488 740 537 774 non
548 728 644 775 inventa
654 723 747 792 reperti

177 799 261 855 Ludus
275 820 327 853 eras
339 803 425 852 levior.
445 804 554 851 Retices:
567 818 610 852 nec
620 818 704 851 mutua
715 800 801 851 nostrie
896 808 940 859 655

178 884 247 933 Diua
260 882 348 931 refers:
363 880 413 931 alto
426 879 519 929 tannim
530 881 625 945 suspitia
634 878 716 945 prodit

180 961 288 1011 Pectore:
301 956 415 1026 quodque
427 975 500 1007 unum
511 974 589 1024 potes,
600 957 631 1007 ad
639 975 693 1007 mea
699 957 772 1007 verba
781 958 894 1021 remugit.

178 1042 208 1089 At
216 1040 262 1087 tibi
275 1054 321 1103 ego
332 1038 426 1103 ignarus
440 1036 557 1085 thalamos
570 1033 689 1104 taedasque
698 1036 829 1102 parabam:

179 1120 282 1182 Spesque
299 1115 345 1163 fuit
360 1117 439 1179 generi
455 1118 515 1163 mihi
527 1117 619 1179 prima,
637 1111 739 1166 secunda
753 1126 879 1177 nepotum.

179 1196 216 1245 De
226 1210 298 1260 grege
310 1209 373 1241 nrmc
381 1193 425 1240 ribi
433 1196 486 1252 vir,
499 1208 562 1243 nunc
569 1189 599 1240 de
607 1208 677 1256 grege
686 1205 755 1240 uatus
764 1186 945 1239 habendus.⁶⁶0

180 1272 231 1322 Nec
249 1270 319 1319 finire
330 1271 388 1319 licet
404 1286 482 1319 tantos
493 1272 553 1318 mihi
566 1284 645 1319 morte
656 1268 766 1327 dolores;

182 1349 227 1400 Sed
239 1364 313 1399 nocet
327 1344 373 1397 effe
384 1346 464 1396 Deum
481 1347 657 1414 epraeclusaque
674 1350 745 1413 janua
755 1346 798 1396 leti

181 1428 307 1477 AEtemum
322 1426 413 1476 nostros
426 1425 500 1473 lenus
518 1422 625 1473 extendit
641 1428 666 1472 in
682 1439 769 1474 evum.

183 1506 251 1555 Talia
267 1505 381 1554 moereuri
397 1502 500 1551 stellatus
517 1503 644 1551 submovet
655 1500 746 1564 Argus,

181 1585 342 1649 Ereptamque
357 1583 420 1646 patri
437 1577 529 1629 diversa
540 1582 566 1627 in
579 1579 666 1643 pascua
676 1590 758 1625 natam
901 1570 945 1621 ⁶⁶⁵

182 1662 301 1711 Abstrahit
313 1678 319 1706 :
331 1661 380 1723 ipse
391 1656 475 1722 procul
487 1658 576 1704 montis
587 1654 687 1704 sublime
698 1669 812 1703 cacumen

182 1728 311 1803 Occupat,
330 1734 394 1781 unde
409 1724 491 1781 sedent
501 1745 579 1798 partes
590 1731 723 1799 speculetur
733 1735 858 1783 inomnes.

216 1906 269 1957 Nec
279 1902 397 1970 Superum
407 1906 482 1953 testor
497 1905 561 1955 mala
572 1919 639 1957 tanta
648 1903 798 1957 Phoronidos
814 1905 876 1955 ultra

184 1987 202 2035 F
203 2002 253 2034 erre
271 1983 363 2049 potestt
372 1997 503 2051 natumque
513 1998 585 2035 vocat
595 2000 684 2049 ,quem
695 1983 774 2038 lucida
785 1997 854 2047 partu

184 2064 263 2112 Pleias
279 2064 347 2111 enixa
360 2060 392 2110 est
403 2079 409 2109 ε
422 2060 519 2128 letoque
528 2058 569 2111 det
579 2097 588 2121 ,
598 2063 702 2126 imperat
711 2094 721 2122 ,
731 2062 830 2126 Argum.
904 2071 952 2122 670

185 2143 263 2191 Parva
278 2155 346 2188 mora
357 2139 405 2198 est,
418 2139 465 2187 alas
479 2136 594 2204 pedibus,
605 2142 745 2206 virgamque
754 2141 847 2204 potenti

185 2217 348 2268 Somnifetam
365 2213 471 2265 sumsisse
480 2233 570 2272 manu.
582 2219 733 2285 tegimenque
743 2217 844 2284 capillis.

186 2296 244 2344 Haec
264 2296 306 2343 ubi
318 2292 449 2360 disposuit,
463 2295 539 2360 patrii
549 2296 608 2346 Jove
618 2312 687 2346 natus
697 2299 726 2345 ab
736 2315 791 2348 aree

185 2373 276 2424 Desilit
286 2376 312 2421 in
330 2387 402 2422 terras
415 2392 421 2422 ι
434 2373 485 2422 illic
501 2376 654 2440 tegimenque
663 2378 787 2437 removit,

187 2451 219 2499 Et
236 2451 317 2515 posuit
328 2451 433 2516 penum:
446 2450 615 2504 tantummodo
627 2457 692 2519 virga
702 2470 793 2504 retenta
805 2456 846 2504 est.
905 2478 949 2529 ⁶75

187 2526 240 2576 Hac
254 2530 325 2594 agit,
344 2543 372 2579 ut
387 2529 480 2594 pastor,
495 2547 537 2595 ptr
553 2529 623 2581 devia
636 2548 690 2581 rura
706 2533 825 2599 capellas,

185 2604 256 2655 Dum
274 2608 361 2670 venit,
379 2605 506 2657 abductas:
520 2613 545 2658 Se
555 2609 645 2658 strudia
655 2626 736 2663 cantat
749 2617 839 2663 avenis.

186 2683 258 2733 Voce
275 2682 339 2733 novi
354 2699 435 2751 captus
445 2685 521 2736 custos
536 2687 652 2736 Junoniur
663 2720 672 2746 ,
683 2691 715 2736 At
727 2702 768 2746 tu,

186 2761 305 2827 Quisquis
322 2777 362 2817 es.
382 2763 429 2812 hoe
438 2777 532 2827 poterat
542 2779 638 2814 mecum
647 2762 770 2814 considere
780 2766 849 2826 saxo,

186 2840 267 2904 Acgus
284 2839 333 2888 ait:
346 2843 497 2906 nequeenim
515 2845 596 2907 pecori
612 2840 738 2893 fecundior
747 2843 799 2894 ullo
906 2832 952 2879 ⁶3⁰

187 2917 273 2966 Herba
289 2915 346 2966 loco
356 2918 388 2966 est
399 2934 406 2967 t
418 2933 545 2984 aptamque
556 2917 623 2970 videt
633 2921 762 2985 pastoribus
775 2923 893 2974 umbram.

184 2993 255 3044 Sedit
270 2992 426 3054 Atlantides,
444 3001 468 3046 bc
484 3012 579 3046 euntem
590 2998 667 3049 multa
682 2999 806 3065 loquendo

187 3070 305 3120 Detinuit
318 3064 426 3122 sermone
436 3073 517 3124 diem:
531 3079 662 3142 junctisque
679 3077 786 3128 canendo

187 3146 295 3199 Vincere
305 3147 459 3202 arundinibus
469 3153 584 3204 servantia
593 3154 685 3206 lumina
693 3171 776 3207 tentat.
