2334 4150
234 537 665 604 Mmrrotttrtorrott
681 529 720 598 t.
744 531 808 597 IX.
830 531 922 613 269'

181 650 288 720 Noxque
307 653 354 703 fuit
370 668 473 718 preceps
481 687 489 712 ,
502 655 529 701 bt
538 653 622 716 coeptis
632 647 714 700 invida
724 648 818 699 nostris.
899 649 946 711 485

185 733 209 780 0
223 733 229 780 i
246 748 308 796 ego,
331 735 350 780 si
367 731 437 781 liceat
449 744 542 778 mutato
554 732 653 778 nomine
661 731 754 793 ¹iungi,
918 726 925 740 ⁸

186 809 269 870 Quam
280 811 339 858 bene
349 843 358 868 ,
369 809 470 870 Cauue,
484 821 526 856 tuo
536 822 646 872 poteram
655 822 727 854 nurus
738 801 784 853 effe
795 802 901 868 parenti!

184 887 269 946 Quirn
284 887 361 945 bene,
372 885 457 936 Caune
467 919 477 946 ,
488 902 544 948 mro
554 899 648 949 poteras
655 899 727 948 gener
738 879 784 930 effe
794 881 901 945 parenti!

185 965 276 1014 Omnia
287 1000 296 1024 ‚
312 963 346 1014 Di
363 965 482 1022 facerent,
495 960 568 1011 essent
579 964 717 1010 communia
726 961 810 1019 nobit,

184 1044 274 1092 Praeter
292 1059 348 1092 avus
360 1042 367 1090 l
381 1043 419 1090 Tu
430 1058 469 1090 me
480 1040 567 1090 vellem
578 1034 789 1106 generosioreffes.
899 1046 954 1090 490

184 1121 360 1188 Nescioquam
380 1119 452 1168 facies
468 1121 541 1183 igitur
553 1150 562 1178 ‚
574 1116 750 1182 pulcherrime,
767 1114 885 1164 matrem!

184 1201 219 1249 At
239 1201 299 1247 mihi
312 1233 320 1257 ,
331 1213 383 1264 quae
397 1193 459 1246 mali
470 1198 523 1244 sum
533 1231 543 1256 „
553 1211 614 1260 quos
623 1210 664 1254 tu,
675 1196 759 1242 sortita
769 1207 890 1257 parentes,

184 1277 231 1328 Nil
244 1279 288 1326 nisi
307 1275 379 1325 frater
389 1278 434 1323 eris
446 1293 452 1320 ι
465 1272 531 1340 quud
541 1273 621 1330 obest,
634 1270 661 1321 id
667 1272 806 1322 iubebimus
817 1286 900 1318 unum.
947 1306 952 1311 .

185 1351 254 1416 Quid
265 1355 325 1402 mihi
345 1349 480 1416 significant
492 1368 547 1418 ergo
559 1368 612 1400 mea
622 1353 686 1401 visa?
697 1346 764 1415 quod
775 1363 855 1396 autem

185 1433 286 1481 Somnia
295 1428 388 1497 pondus
401 1431 504 1480 hubent?
518 1445 548 1478 arr
558 1430 646 1477 habent
658 1431 682 1476 bt
690 1429 783 1476 somnia
791 1422 885 1490 pondus
892 1428 948 1486 3493

184 1509 221 1559 Di
231 1508 333 1558 melius!
350 1507 384 1556 Di
395 1524 481 1573 nempe
493 1508 543 1556 suar
554 1507 656 1554 habuere
667 1507 767 1554 sorores.

184 1588 225 1638 sic
246 1589 357 1636 Saturnus
369 1586 458 1650 Opim,
471 1587 576 1650 juniiem
586 1585 630 1632 sibi
641 1585 753 1646 sanguiue
763 1615 774 1641 ,
786 1579 869 1638 duxit,

187 1665 295 1714 Oceanus
315 1665 432 1725 Tethyn,
445 1661 564 1710 Junonem
579 1662 654 1709 reiior
664 1660 773 1723 Olympi.
835 1692 839 1698 ·

187 1744 247 1791 Sunt
260 1743 352 1806 Superis
363 1742 403 1788 sua
413 1743 465 1804 jura
477 1757 484 1786 ε
497 1737 556 1804 quid
567 1737 598 1788 ad
606 1737 710 1786 coelestii
721 1739 781 1785 ritus

186 1819 285 1884 Erigere
297 1821 430 1876 humanos,
443 1813 579 1886 diversaque
592 1813 683 1864 foedera
700 1816 785 1863 tento?
908 1832 956 1882 500

185 1897 235 1946 Aut
244 1897 325 1946 nostro
344 1899 431 1946 vetitus
441 1891 469 1942 de
481 1892 552 1944 corde
566 1893 688 1958 fugabitur
699 1891 770 1942 ardor
780 1908 793 1949 ;.

185 1979 255 2035 Aut,
270 1976 317 2023 hoc
333 1974 351 2020 si
363 1988 470 2038 nequeo.
485 1988 581 2038 peream
588 1988 672 2038 precor
684 1985 755 2030 ante,
769 1984 871 2032 toroque

184 2049 285 2101 Mortua
298 2065 429 2115 componat
436 2084 444 2110 ,
457 2052 587 2115 positaeque
600 2047 640 2099 det
651 2044 733 2098 oscula
744 2044 825 2095 frater.

185 2128 219 2178 Et
232 2142 312 2177 tamen
326 2130 449 2177 arbitrium
461 2113 546 2193 cpuaerit
556 2144 593 2175 res
602 2128 644 2176 ista
652 2126 765 2175 duorum.

186 2204 261 2271 Finge
280 2206 371 2271 placere
388 2208 466 2259 mihi.
483 2204 557 2255 scelus
573 2203 619 2254 eise
629 2202 748 2255 videbitur
759 2202 805 2252 illi.
907 2221 951 2271 505

184 2280 219 2332 At
235 2299 285 2331 nou
300 2280 402 2333 AEolidae
414 2283 530 2359 thalartpos
543 2286 641 2333 timuere
653 2284 771 2332 sotorum.

185 2358 258 2407 Unde
270 2357 309 2407 sed
321 2360 364 2411 bor
374 2363 444 2411 novi?
460 2378 501 2410 cur
512 2363 561 2411 hec
574 2361 682 2425 exempla
692 2362 774 2425 paravi
784 2363 793 2409 i

187 2436 244 2497 Qub
259 2438 337 2487 feror?
356 2440 463 2489 obscene
475 2440 557 2503 procul
574 2441 630 2491 hinc
641 2436 757 2488 discedite
766 2438 886 2487 flamm:

187 2514 261 2575 Nec,
276 2518 322 2566 nisi
332 2516 380 2583 qui
394 2516 427 2565 fas
444 2518 475 2565 est
485 2535 618 2583 germane,
629 2515 702 2567 feder
715 2531 817 2567 ametur.

119 2650 122 2656 .
186 2594 213 2643 si
234 2608 313 2642 tamen
322 2596 371 2658 ipse
384 2598 430 2645 mei
447 2610 528 2660 captus
543 2599 609 2661 prior
620 2594 677 2645 effet
690 2612 771 2647 amore
784 2630 795 2656 ,
907 2614 953 2659 5¹⁰

185 2671 296 2723 Forsitan
306 2671 371 2724 iilius
383 2670 474 2737 possem
488 2671 612 2737 indulgere
626 2673 709 2724 furori.

83 2790 86 2794 .
185 2748 252 2813 Ergo
263 2766 326 2814 ego,
346 2766 419 2815 quem
428 2750 520 2803 fueram
537 2766 587 2815 pon
599 2752 711 2811 rejetiura
722 2764 859 2815 petentem,

186 2825 241 2891 Ipsa
257 2830 354 2891 petum?
371 2831 489 2892 poterisne
506 2826 573 2893 loqui
586 2831 723 2893 ipoterisue
735 2828 821 2878 fateri?

187 2902 269 2968 Coget
286 2922 353 2957 atuor
364 2924 369 2953 t
379 2921 472 2970 potero.
485 2906 529 2958 Vel
542 2940 549 2965 ,
561 2909 581 2956 si
591 2904 670 2971 pudor
680 2923 723 2957 ura
734 2909 838 2964 tenebit,

186 2981 267 3031 Litera
277 2984 366 3033 celatos
376 3000 460 3033 arcana
471 2984 583 3035 fatebitur
595 2988 670 3050 ignes.
906 3012 949 3059 515

221 3060 278 3110 Haec
292 3062 388 3125 placet,
402 3064 451 3111 bec
464 3061 561 3113 dubiam
571 3066 647 3113 vincit
657 3065 772 3114 sententia
784 3080 900 3117 mentem.

187 3137 217 3191 ln
235 3137 296 3190 latus
308 3142 422 3205 erigitur,
442 3141 571 3206 cubitoque
580 3144 661 3189 innixa
670 3142 762 3192 sinistro
774 3178 783 3202 ‚

187 3213 284 3269 Viderit
296 3235 303 3269 a
315 3218 427 3281 insanus,
439 3220 534 3289 inquit,
550 3217 667 3273 fateamur
677 3235 778 3274 unctes.
