2334 4150
236 559 662 631 MnrArronrrrosnorr
677 559 716 626 L.
732 559 815 625 XII.
835 565 902 643 269

165 750 167 754 ι
186 673 302 748 longave
312 683 432 733 multifori
440 680 540 733 deler'lat
552 681 611 730 dbia
621 680 678 729 buxl
688 695 696 736 ε

188 759 235 810 Sed
245 764 340 810 nollem
351 764 459 811 sermone
470 761 566 810 trahunt
577 761 715 823 :virtusque
726 749 843 821 loquendi

187 837 290 888 Materia
301 841 342 888 est.
353 833 460 904 Pugnam
472 837 577 896 referunt
588 836 706 902 hostisque
718 836 847 898 suamque5
908 832 954 872 160

186 915 263 982 lnque
274 919 336 968 vices
347 915 412 966 'adire
423 931 494 982 atque
504 914 614 964 exhausta
625 912 731 978 pericula
741 912 801 975 sape

187 991 389 1044 Commemorare
396 997 462 1060 juvat
472 1011 479 1042 e
491 990 551 1058 quid
561 993 625 1041 enirn
635 991 772 1056 loqueretur
782 985 904 1036 Achilles?

187 1072 236 1121 Aut
245 1071 304 1139 quid
315 1071 378 1138 apud
388 1087 503 1137 magnum
512 1069 592 1136 petids
601 1069 754 1135 loquerentur
765 1064 885 1116 Achillem
895 1067 904 1113 i

187 1147 300 1200 Proxima
317 1147 449 1215 praecipud,
466 1147 579 1208 domito,
590 1149 689 1197 villoria
699 1180 707 1204 ‚
719 1144 827 1209 Cygno,

187 1226 217 1275 ln
233 1229 342 1278 sermone
352 1227 407 1276 fuir.
420 1227 504 1276 Visum
515 1224 625 1275 mirabile
636 1226 745 1284 tundis,
780 1243 782 1248 ·
907 1233 951 1288 165

186 1298 261 1364 Quod
272 1308 352 1370 juveni
363 1321 448 1369 corpur
459 1303 528 1353 nullo
539 1302 685 1369 penetrabile
697 1301 764 1361 telo',

185 1378 350 1447 Invistunrque
360 1379 391 1431 ad
402 1381 500 1432 vulnere
511 1395 560 1430 erat
571 1415 579 1441 ,
595 1380 731 1446 ferrumque
744 1377 843 1430 terebat·

185 1451 241 1507 Hoc
255 1459 334 1521 ipsum
347 1455 468 1517 AEacidee,
485 1460 532 1506 hot
541 1459 689 1508 mirabantur
700 1457 794 1506 Achivi.

185 1533 254 1586 Cum
265 1537 299 1583 sic
307 1533 393 1583 Nestor
404 1537 446 1584 ait.
457 1534 542 1582 Vestro
555 1533 602 1583 fuit
611 1537 694 1584 unicus
705 1548 757 1585 evo

185 1610 335 1663 Contemtor
347 1610 418 1671 ferri,
436 1611 552 1676 nulloque
568 1610 676 1660 forabilis
688 1612 748 1667 inu,
908 1625 954 1673 170

186 1687 288 1755 Cygnus
300 1708 306 1738 e
316 1705 340 1738 ar
351 1691 400 1754 ipse
411 1689 472 1739 olim
484 1692 615 1754 patientem
626 1689 725 1738 vulnera
734 1688 819 1753 mille,

186 1766 298 1833 Corpore
308 1783 358 1818 non
368 1767 423 1817 laeso
436 1802 443 1827 ,
457 1767 608 1816 Perrhaebum
618 1766 707 1818 Caenea
720 1767 770 1819 vidi
781 1786 789 1827 5

186 1843 275 1896 Canen
290 1845 453 1904 Perrhaebum,
473 1847 532 1911 qui,
552 1843 619 1896 fallis
636 1846 757 1908 inclytus,
774 1847 870 1910 Othryn

186 1923 308 1972 lncoluite'
321 1922 416 1989 quoque
432 1919 458 1972 id
473 1927 562 1974 mirum
576 1926 653 1990 magis
668 1919 726 1972 ellet
738 1927 763 1972 in
774 1924 835 1984 illo,

186 2001 285 2049 Femina
295 2016 362 2050 natus
374 2010 434 2050 erata
443 2001 546 2050 Monstri
559 2003 667 2051 novitate
678 2014 824 2061 moventur,
906 2036 948 2088 ,75

186 2078 298 2145 Quisquis
309 2078 526 2145 adesttnarretque,
535 2093 632 2144 rogant:
639 2096 699 2145 quoe
707 2082 768 2129 inter
779 2080 901 2140 Achilles,

185 2154 234 2206 Dic
246 2192 253 2216 ,
266 2173 309 2221 ege
321 2191 329 2215 ‚
341 2172 397 2205 nam
411 2158 500 2205 curastis
510 2155 595 2206 eodem
605 2156 638 2205 eli
647 2154 727 2206 audire
737 2156 867 2217 voluntas,

186 2231 208 2284 0
220 2235 227 2284 l
245 2232 349 2284 facunde
359 2237 444 2295 senex,
456 2237 500 2285 avi
513 2232 640 2301 prudentia
650 2236 722 2285 nostri
735 2252 745 2294 3

185 2311 245 2373 Quis
255 2312 329 2361 fuerit
339 2310 439 2363 Caeneus
450 2346 458 2373 ,
470 2315 547 2362 curin
559 2316 678 2363 contraria
687 2315 784 2373 versue3

185 2388 240 2450 Qud
258 2390 303 2439 tibi
318 2388 423 2452 militil,
435 2394 501 2458 culus
512 2392 642 2440 certamine
652 2406 738 2457 pugne
905 2401 951 2449 180

185 2466 321 2533 Cognitum
334 2486 348 2517 a
365 2484 415 2535 quo
428 2470 458 2518 sir
468 2471 542 2518 villus
556 2503 565 2529 ,
583 2471 687 2518 elvidius
696 2470 727 2518 ab
738 2468 790 2518 ullo
799 2469 841 2520 est.

185 2545 250 2594 Turn
269 2548 346 2595 senior
358 2564 364 2593 r
376 2550 484 2612 quamvis
495 2546 571 2597 obstet
579 2549 642 2596 mihi
653 2545 720 2596 tarda
732 2549 831 2596 verullae
842 2582 850 2603 ,

184 2624 312 2689 Multaque
328 2640 365 2671 me
378 2622 487 2686 frigiam,
498 2627 580 2688 primis
592 2626 744 2689 spestatasub
755 2628 822 2673 annio
836 2642 845 2682 ς
882 2638 885 2641 ’

184 2698 256 2749 Plura
271 2710 350 2748 tamen
362 2702 461 2747 memini
474 2718 480 2747 ε
491 2715 534 2749 nec
543 2732 551 2759 ,
561 2715 614 2765 qua
621 2705 696 2767 magis
706 2702 858 2761 horeatill‘l,

183 2776 282 2827 Pestore
293 2791 329 2824 ree
338 2775 418 2825 nollro
427 2776 460 2824 est
472 2812 480 2837 ‚
498 2780 559 2826 inter
569 2778 674 2844 bellique
685 2778 801 2845 domique
904 2770 929 2818 ¹⁸
933 2784 945 2833 5

182 2854 242 2905 ana
256 2867 294 2903 tot
308 2870 314 2901 ι
326 2868 367 2907 ac,
378 2856 397 2901 si
409 2870 479 2919 quem
489 2856 677 2920 potuitspariesn
687 2858 792 2905 seneclus

144 2962 150 2967 -
183 2932 344 2999 spectatorem
360 2946 459 2995 opernm
470 2931 602 2983 multorum
614 2932 728 2993 reddere,
742 2937 792 2984 vixi

182 3011 265 3060 Annos
275 3010 312 3058 bis
326 3023 423 3059 centnm
436 3028 442 3059 e
452 3026 516 3061 nune
526 3012 596 3062 tertia
606 3014 695 3061 vivitur
703 3027 767 3061 retas.

216 3088 290 3139 Clara
307 3084 392 3137 decore
404 3087 450 3137 fuir
460 3123 469 3149 ,
481 3088 558 3153 proles
570 3088 663 3139 Elateia
675 3124 683 3150 ,
702 3088 799 3143 Caeuie.

184 3150 351 3205 Tbeffalidum
362 3155 431 3219 virge
440 3153 615 3219 pulcherrimae
628 3170 715 3219 perque
725 3157 888 3219 propinquas,
902 3178 947 3226 ¹9⁰

183 3231 274 3298 Perque
291 3244 362 3295 tuae,
381 3233 448 3283 urbes
456 3266 466 3295 ,
478 3232 522 3285 tibi
532 3234 597 3285 enlm
608 3232 745 3300 popularis,
761 3231 870 3297 Achille,

703 3309 732 3360 M
744 3311 769 3375 iij
