2334 4150
244 585 310 633 222
387 561 430 630 P.
453 561 607 628 Ournrr
627 560 821 641 Nasonrs

241 683 331 743 Nunc,
347 700 418 749 eques
429 685 453 732 in
463 696 529 748 tergo
541 680 659 737 residens,
676 683 723 731 huc
737 681 798 738 lauis
807 683 832 731 bt
842 678 922 740 illuc,

195 762 331 824 125Mollia
345 766 466 828 purpureis
484 763 592 812 frenabas
602 779 645 821 ora
656 763 769 827 capistris.

243 839 320 888 AEstus
336 855 401 908 erat,
413 829 551 904 mediusque
562 835 627 898 dies,
638 837 746 904 Solisque
753 853 842 902 vapore

244 915 357 970 Concava
377 917 455 972 litorei
473 907 597 966 fervebam
606 919 701 966 brachia
711 915 810 974 Cancri.

242 989 321 1042 fellus
333 994 358 1040 in
369 989 471 1042 herbosi
482 990 561 1054 posuit
573 991 612 1038 sua
622 1005 723 1054 corpora
731 989 792 1038 terri

244 1068 352 1128 Cervus,
371 1071 396 1118 δι
412 1066 511 1117 arborei
522 1065 624 1117 ducebat
632 1066 707 1134 frigus
717 1068 747 1115 ab
757 1066 850 1118 umbra·

197 1157 206 1190 ³
213 1147 312 1202 30Hunc
325 1162 383 1211 puer
396 1144 533 1210 imprudens
544 1145 624 1211 jaculo
641 1141 780 1209 Cyparissus
789 1157 862 1194 acuto

242 1224 319 1272 Fixit:
331 1226 356 1271 bt
368 1257 376 1278 ‚
388 1238 414 1272 ut
423 1225 486 1274 saevo
497 1227 642 1278 morientem
655 1222 753 1272 vulnere
763 1219 844 1281 vidit,

243 1299 311 1347 Velle
323 1303 384 1349 mori
395 1301 484 1350 statuit.
496 1301 555 1362 Qut
566 1318 616 1350 non
630 1299 716 1348 {blatis
725 1300 829 1350 Phoebus

243 1374 312 1427 Dixit
326 1396 332 1426 s
343 1382 383 1438 &‚
403 1395 430 1428 ut
440 1379 523 1430 leviter
536 1396 597 1444 ,pro
607 1378 755 1443 materiaique
765 1375 860 1430 doleret
871 1408 880 1435 ,
972 1417 975 1421 ,

244 1452 394 1506 Admonuitt
406 1459 481 1522 gernic
491 1457 532 1506 ille
544 1471 643 1508 tamen:
654 1471 787 1520 munusque
802 1456 943 1520 supremum

199 1539 239 1584 ¹³5
246 1521 298 1582 Hoc'
314 1538 382 1600 ¹petit
395 1552 409 1584 a
420 1537 531 1600 Superis.
547 1551 574 1586 ut
585 1552 692 1600 ternpore
702 1534 783 1599 lugeat
795 1537 873 1582 omni.

245 1611 346 1677 Jamque
357 1647 367 1673 ,
377 1631 419 1679 per
431 1615 559 1668 immensos
568 1613 647 1680 egesto
654 1615 767 1677 sanguine
777 1607 863 1671 dctus,

245 1690 273 1738 ln
288 1689 391 1741 viridem
409 1697 470 1742 verti
480 1708 603 1760 cttperunt
613 1692 721 1740 membra
731 1689 853 1746 colorem

246 1769 276 1816 Et
287 1767 362 1818 modb
372 1806 379 1830 ,
391 1774 433 1835 qui
444 1770 513 1820 nivei
524 1767 661 1834 pendebant
672 1768 752 1818 fronte
763 1763 846 1831 capilli
852 1797 863 1826 ,

246 1845 349 1894 Horrida
359 1850 461 1896 caesaries
477 1845 528 1896 lieri
540 1866 546 1895 r
559 1850 686 1912 sumtoque
700 1850 796 1911 rigore,

201 1920 369 1986 340Sidereum
384 1926 466 1989 gracili
478 1927 579 1990 specisre
590 1927 713 1974 cacumine
725 1923 825 1974 coelutn·

231 2017 234 2024 ⁴
246 1999 366 2064 Ingemuit
376 2036 384 2056 ,
401 2002 517 2070 tristisque
529 2003 611 2062 Deus,
622 2002 742 2067 lugebere
752 2002 839 2059 nobis,

168 2136 171 2141 .
246 2078 395 2147 Lugebisque
405 2082 483 2145 alios,
494 2080 618 2147 aderisque
629 2079 765 2133 dolentibus
776 2114 785 2141 ,
799 2079 890 2147 inquit.

280 2225 340 2277 Tale
351 2245 434 2301 nemus
447 2243 512 2279 vates
523 2242 686 2279 contraxerat:
698 2229 771 2292 inque
782 2224 887 2275 fetarum

247 2303 361 2355 Concilio
373 2341 381 2366 ‚
401 2305 493 2375 medius
504 2308 594 2366 turbe,
605 2306 778 2373 volucrumque
792 2301 900 2357 sedebats

202 2378 283 2434 ¹45Ut
294 2384 349 2432 satis
370 2383 482 2449 impulsas
499 2388 602 2435 tentavit
612 2384 700 2449 pollice
713 2380 831 2440 chorda's3

248 2459 279 2509 Et
295 2460 366 2508 sensit
380 2450 457 2511 varios
467 2497 474 2520 ,
486 2456 594 2529 querulis
604 2460 695 2511 diversa
706 2463 837 2520 sonarent,

248 2535 402 2588 Concordare
418 2537 522 2600 modos,
540 2544 683 2591 hocvocetn
693 2541 798 2589 carmine
807 2537 881 2602 rupit.

280 2616 317 2665 Ab
331 2616 389 2665 Jove
399 2651 407 2676 ,
419 2617 487 2666 Musa
498 2634 591 2683 parens,
603 2617 691 2668 cedunt
700 2617 766 2667 iovis
780 2617 864 2666 omnia
873 2630 969 2680 regno,

250 2690 365 2743 Carmina
378 2695 456 2745 nostra
467 2714 547 2747 move.
559 2696 663 2746 Jovisest
672 2698 733 2751 mihi
742 2696 802 2760 saepe
810 2693 917 2759 potestas

205 2769 320 2824 ¹50Diua
335 2775 398 2839 prius
411 2792 417 2823 t
430 2777 505 2823 cecini
515 2774 605 2840 pleiiro
616 2777 724 2839 graviore
735 2774 865 2839 Gigantas,

249 2849 377 2917 Sparsaque
393 2852 517 2917 Phlegraeis
533 2855 637 2903 vistrieia
649 2852 750 2902 fulmina
759 2854 858 2916 campis.

237 2924 321 2975 ·Nunc
335 2944 394 2993 opus
411 2929 443 2979 est
453 2930 542 2981 leviore
554 2931 606 2994 lyei
618 2950 625 2981 s
636 2948 768 2998 puerosque
779 2945 893 2983 canamus

249 3002 356 3054 Dilecios
370 3009 477 3073 superisa
490 3011 678 3077 inconcessisque
687 3010 779 3075 puellas

251 3081 347 3145 Ignibus
362 3089 474 3136 attonitas
486 3085 595 3139 meruisse
607 3086 707 3138 libidine
716 3104 822 3153 poenarn.

206 3164 301 3219 ¹55Rex
318 3164 432 3229 Supertirn
444 3166 540 3230 Phrygii
551 3165 674 3232 quondam
685 3164 834 3228 Ganymedis
848 3183 937 3223 amore

251 3241 329 3290 Arsit:
340 3245 364 3291 bt
375 3244 499 3296 inventurn
510 3244 542 3301 eli
554 3242 662 3311 aliquid,
673 3242 740 3317 quod
750 3244 856 3317 Juppiter
868 3244 935 3313 sile,
