2334 4150
267 543 331 611 332
406 519 449 588 Ρ.
469 472 635 588 ¹Orruit
656 517 849 588 Nasonis

264 642 473 708 Vetmmoumque
484 645 530 690 tori
543 642 633 691 socium
644 641 687 690 tibi
697 639 775 704 delige
786 659 792 688 ι
802 656 847 704 pto
859 655 911 705 quo

263 722 306 770 Me
317 739 398 788 quoq3
410 721 569 787 pignushebe.
577 719 661 784 Neque
669 723 732 768 enim
741 720 784 767 sibi
792 721 874 766 notior
882 717 925 766 ille
933 713 979 776 est,

216 799 346 859 dioQuim
362 802 437 849 mihi:
450 816 493 848 nec
505 814 557 848 toto
567 803 654 864 passim
668 815 740 863 vagus
750 801 846 848 erraret
858 797 926 844 orbe.

265 877 323 926 Haec
340 877 392 926 loca
402 875 451 924 sola
463 875 540 923 colit:
553 891 597 924 nec
608 878 642 924 uti
652 891 704 939 pars
714 891 800 938 magna
811 861 943 936 protorum
954 901 965 927 ‚

266 953 348 1015 Qudm
363 952 438 1002 modo
449 954 528 1007 vidit,
547 968 624 1002 amat:
636 969 661 1002 tu
676 957 765 1016 primus
777 955 802 1000 δι
814 950 916 1000 ultimus
935 946 973 995 illi

266 1030 345 1081 Ardor
363 1032 425 1090 eris3
436 1031 528 1097 solique
543 1031 597 1079 suos
608 1031 652 1084 tibi
667 1029 769 1080 devovet
780 1045 855 1078 annos

268 1106 356 1167 Adde,
371 1107 438 1175 quod
453 1109 486 1157 est
501 1112 591 1173 juvenis
604 1125 611 1166 ς
623 1107 690 1173 quod
705 1107 810 1157 naturale
822 1105 916 1154 decoris

219 1179 357 1242 ‘sturnus
367 1187 439 1234 habet
450 1220 458 1244 ,
471 1185 606 1250 formasque
617 1183 670 1249 apti
684 1184 786 1249 fingemr
798 1188 823 1234 iu
834 1197 938 1240 omnest

267 1263 311 1316 Et,
330 1261 396 1328 quod
407 1267 450 1311 erit
461 1259 546 1326 jussus,
563 1263 642 1326 jubeas
654 1263 711 1312 licet
721 1266 820 1320 omnia,
832 1260 883 1309 fiet.

267 1337 412 1406 Quidiquod
419 1346 503 1388 amatis
510 1333 717 1406 idem3quod‚'qu2
724 1341 768 1388 tibi
777 1355 850 1403 pomo
859 1337 985 1393 coluntur,

268 1416 362 1468 Primus
372 1420 461 1474 habev,
472 1417 573 1484 letique
585 1431 649 1466 tenet
660 1432 700 1466 tua
713 1431 811 1465 munera
821 1415 923 1465 dextri!

270 1493 316 1544 Sed
327 1511 404 1562 neque
413 1500 461 1561 jam
473 1495 533 1545 setus
543 1493 660 1545 desiderat
673 1495 756 1546 arbore
772 1493 885 1549 demtos,

224 1570 342 1628 650Nec,
356 1585 414 1636 ques
424 1572 506 1620 hortus
517 1572 575 1631 alit,
590 1587 645 1620 cum
661 1571 734 1619 succis
744 1572 842 1619 mitibus
852 1570 935 1618 lrerbas
945 1585 954 1626 3

272 1647 325 1698 Nec
334 1651 464 1714 quicquam
476 1683 485 1706 ,
499 1651 545 1697 nisi
561 1664 592 1698 te.
604 1649 717 1698 Miserere
726 1646 828 1697 ardentis
837 1665 842 1696 :
852 1653 877 1696 δι
890 1649 988 1712 ipsum,

272 1724 322 1784 Qui
331 1727 392 1790 petit
402 1760 410 1785 ,
428 1742 470 1774 ore
486 1741 541 1775 meo
556 1729 696 1793 presentem
707 1723 777 1776 crede
787 1727 886 1790 precari.

273 1801 417 1866 Ultoresque
429 1800 494 1851 Deos
506 1837 514 1863 ‚
535 1807 560 1850 δε
573 1807 667 1868 ρεᾶοη
679 1802 738 1852 dura
748 1804 856 1868 perosam

272 1875 382 1936 Idalien,
397 1895 578 1946 memoremque
589 1883 646 1930 time
657 1880 824 1931 Rhamnusidis
840 1885 911 1932 iram.

225 1955 377 2022 ‘rsQuoque
393 1961 468 2021 magis
478 1958 562 2008 timeas
574 1994 582 2012 ‚
594 1963 684 2009 etenim
694 1962 755 2008 mihi
766 1959 841 2008 multa
854 1959 959 2008 vetustas

274 2035 339 2083 seire
352 2031 438 2090 dedit.
454 2034 555 2085 teie'ram
569 2035 622 2087 totd
639 2039 764 2086 notissima
780 2035 863 2101 Cypro

274 2112 345 2163 faeta
356 2129 365 2171 3
379 2115 463 2178 quibus
479 2110 540 2161 flesti
551 2110 621 2162 facil?
630 2119 655 2162 δε
671 2116 793 2163 mitescere
804 2118 886 2179 possis.

307 2189 431 2240 Videraca
444 2194 529 2247 vetetis
545 2193 683 2255 generosam
698 2193 808 2255 sanguine
823 2192 912 2240 Teucri

275 2266 340 2331 lphis
358 2267 519 2326 Anaxareten,
535 2270 622 2318 humili
639 2265 669 2317 de
678 2268 747 2333 llirpe
757 2284 857 2318 creatus.

229 2342 392 2400 7oovrderat:
403 2348 428 2393 &
439 2348 497 2392 totis
506 2359 642 2409 perceperat
651 2347 742 2395 ossibus
751 2346 841 2395 testum.

278 2421 435 2485 Ludatusqne
450 2419 507 2478 diu,
519 2422 571 2486 post
585 2423 659 2486 quim
670 2425 761 2472 ratione
773 2423 880 2473 furorem

278 2497 379 2545 Vincere
390 2512 439 2545 noo
455 2501 550 2560 potuit,
569 2500 664 2563 supplex
680 2500 711 2551 ad
723 2501 805 2551 limina
816 2506 893 2552 venit.

280 2574 311 2624 Et
325 2572 400 2623 modis
411 2578 498 2623 nutrici
511 2576 623 2625 miserunt
633 2577 752 2628 confessus
766 2596 892 2641 amorem,

283 2651 319 2701 Ne
337 2654 382 2704 sibi
399 2649 457 2701 dura
473 2653 548 2707 foret,
561 2671 602 2717 per
619 2658 668 2720 spes
679 2660 756 2706 oravit
771 2657 893 2717 alumnast

232 2730 314 2786 7⁰iEt
327 2728 404 2779 modo
417 2727 448 2778 de
463 2731 544 2779 multis
559 2732 680 2781 blanditus
695 2738 780 2799 cuique
794 2736 929 2798 ministris,

282 2806 382 2857 Soliclti
397 2811 466 2871 petiit
480 2810 623 2872 propensum
639 2826 698 2859 voce
711 2812 826 2861 favorem.

283 2886 347 2949 Saepe
359 2884 455 2934 ferenda
464 2883 531 2935 dedit
541 2886 635 2935 blandis
647 2890 686 2937 sua
697 2890 768 2938 verbe
786 2891 900 2951 rabellus

283 2961 406 3013 Interdum
421 2962 527 3013 madidas
538 2964 698 3026 lacrymarum
710 2983 764 3015 rore
780 2983 881 3017 coronas

284 3040 390 3089 Postibus
402 3040 522 3099 intendit,
540 3045 665 3109 posuitque
675 3047 700 3093 in
710 3045 792 3093 limine
803 3043 865 3095 duro

238 3118 365 3176 proilolle
383 3119 443 3166 latus
457 3121 579 3184 :tristique
595 3122 648 3169 serae
661 3125 767 3171 convicia
779 3122 843 3171 fecie.

193 3222 198 3227 -
286 3194 385 3245 Surdior
399 3195 442 3247 ille
454 3196 517 3249 freto
525 3200 635 3265 surgente
646 3232 657 3261 ,
669 3196 806 3251 cadentibus
816 3198 916 3260 Hedie.
