2334 4150
280 486 709 556 Munnrtonruosnon
733 483 770 549 L.
792 484 827 581 ¹1.
870 505 913 569 17

187 606 315 659 Nondum
331 608 411 656 laurus
426 622 488 665 erat3
501 606 622 671 longoque
632 604 742 653 decentia
753 606 818 653 trine
915 610 965 657 4l0
1040 649 1044 657 ,

188 686 319 751 Tempora
332 686 443 750 cingebat
454 682 483 734 de
496 684 603 750 qualibet
613 684 697 731 arbore
706 683 818 740 Phoebus.

225 844 322 893 Primus
340 860 408 892 amor
418 844 502 893 Phoebi
514 843 615 908 Daphne
627 836 730 891 Peneia:
745 859 817 907 quem
832 857 884 891 non

192 920 253 969 Fors
262 924 346 985 ignara
360 920 443 981 dedit,
457 917 497 970 sed
509 923 569 970 seva
579 920 706 986 Cupidinis
719 925 762 970 ira.

189 998 279 1046 Delius
294 1002 358 1047 hunc
371 1016 462 1064 nuper,
480 997 543 1047 viui
554 1001 659 1064 serpente
670 1001 797 1064 superbus,

187 1075 297 1125 Viderat
308 1076 410 1125 addudo
419 1076 554 1125 dedentem
565 1093 655 1131 cornua
666 1093 740 1126 nervo
753 1096 761 1125 s
912 1094 959 1145 455

190 1152 309 1221 Quidque
329 1156 391 1214 tibi,
409 1146 494 1205 lascive
507 1171 583 1219 puer,
599 1172 656 1206 curn
668 1156 770 1203 sortibus
781 1155 873 1205 armis?

189 1232 313 1283 Dixerat:
327 1227 461 1283 istadet'ent
474 1234 585 1281 humeros
597 1233 725 1297 gestamina
736 1232 846 1293 nostros,

190 1310 242 1371 Qui
262 1310 320 1361 dare
338 1327 402 1360 certa
414 1312 484 1369 ferae,
497 1308 552 1359 dare
567 1310 666 1359 uulnera
676 1306 798 1373 possumus
806 1311 877 1359 hosti.

191 1390 242 1450 Qui
261 1388 357 1449 modo,
369 1388 479 1454 pestifero
490 1402 527 1437 tot
539 1392 621 1453 jugera
630 1402 712 1435 ventre
723 1403 885 1453 prementem,

188 1469 324 1519 stravimus
335 1470 464 1517 innumeris
477 1464 598 1516 tumidum
609 1467 718 1527 Pythona
727 1467 828 1530 sagittis.
910 1480 960 1529 460

189 1546 231 1595 Tu
249 1546 303 1595 sace
316 1546 395 1595 nescio
404 1562 464 1611 quos
475 1544 523 1593 esto
534 1558 660 1593 contentus
671 1560 765 1591 amores

187 1624 285 1673 irritare
305 1624 365 1683 tuti,
382 1640 425 1672 nec
441 1620 522 1671 laudes
534 1618 607 1670 assere
618 1621 716 1671 nostras.

188 1701 265 1751 Filius
277 1704 334 1751 huie
351 1701 449 1750 Veneris
460 1718 469 1760 3
481 1702 549 1765 Figat
561 1715 614 1749 tuus
623 1703 721 1760 omnia,
738 1699 828 1749 Phoebe
835 1716 845 1759 ς

188 1781 226 1831 Te
240 1798 309 1830 meus
327 1796 412 1839 arcus,
427 1782 461 1829 ait
472 1798 479 1829 r
492 1795 630 1845 quantoque
641 1778 753 1837 animalia
767 1777 856 1827 cedunt

188 1860 287 1927 Cuusia*
301 1860 361 1919 tibi,
373 1857 441 1908 'rattro
459 1860 538 1905 minor
548 1858 581 1907 est
590 1873 631 1906 tua
642 1857 719 1922 gloria
731 1854 819 1907 nostri.
907 1874 955 1927 4⁶5

188 1936 259 1987 Dixit
269 1956 275 1984 :
287 1940 330 1999 &‚
343 1936 401 1986 eliso
413 1940 526 2001 percussis
539 1941 590 1985 a'e're
602 1940 700 2001 pennis,

150 2030 153 2039 ·
188 2014 297 2081 impiger
312 2015 425 2065 umbrosi
439 2012 543 2065 Parnaili
551 2016 658 2065 constitit
668 2032 739 2065 arce:

188 2092 255 2159 Eque
268 2093 401 2158 sagittiferi
407 2097 510 2159 promsit
519 2093 568 2143 duo
581 2095 628 2143 tela
639 2094 749 2159 pharetrd

188 2170 347 2221 Diversorum
360 2189 472 2238 operum:
483 2171 550 2237 fugat
563 2175 610 2222 hoc
621 2208 630 2232 ,
643 2174 701 2222 fac'it
715 2170 777 2222 illud
788 2189 905 2223 amorem.

187 2248 263 2309 Quod
282 2249 355 2310 facit,
372 2267 480 2300 auratum
494 2251 542 2311 est,
558 2255 583 2299 δε
602 2251 698 2316 cuspide
712 2251 887 2316 fulgetacuti:
906 2265 956 2310 470
1007 2289 1017 2298 ,

187 2328 262 2389 Quod
270 2330 353 2394 fugat,
362 2331 521 2388 obtusumest3
534 2334 558 2379 &
566 2333 638 2379 habet
645 2333 687 2378 sub
694 2329 809 2379 arundine
813 2331 950 2396 plumbum,

187 2405 241 2455 Hoc
256 2407 322 2456 Deus
338 2409 363 2455 in
377 2407 490 2472 Nympha
503 2407 605 2457 Peniide
622 2407 690 2466 fisit3
708 2425 732 2458 at
742 2409 786 2458 illo
860 2452 863 2457 ,

187 2482 257 2534 Laesit
269 2485 407 2550 Apollineas
418 2488 512 2549 trajesia
523 2503 564 2550 per
574 2483 625 2535 offa
635 2486 763 2537 medullas.

186 2561 297 2611 Protinus
313 2563 373 2612 alter
383 2577 461 2612 atnat:
472 2564 533 2628 fugit
544 2565 618 2612 altera
629 2581 717 2613 nomeu
728 2567 830 2614 amantis
937 2618 941 2624 ,

186 2639 303 2689 Silvarum
322 2635 436 2696 latebris,
451 2645 645 2706 captivarumque
660 2643 763 2692 ferarum
904 2642 949 2691 475

184 2714 282 2766 Exuviis
297 2716 421 2781 gaudens,
438 2722 592 2784 innuptaeque
605 2720 690 2767 emula
706 2721 815 2770 Phoebes.

185 2793 253 2845 Vitta
264 2797 388 2844 co'e'rcebat
399 2800 489 2860 positos
502 2799 551 2845 sine
563 2796 614 2861 lege
625 2795 735 2861 capillos.

183 2870 260 2920 Multi
270 2871 338 2920 illam
349 2876 437 2938 petiere
447 2875 501 2924 :ilia
512 2877 615 2926 aversata
627 2890 733 2940 petentes
744 2910 753 2935 ,

184 2947 312 3013 Impatiens
323 2967 451 3018 expersque
464 2955 526 3014 viri,
544 2971 671 3002 nemorum
686 2958 739 3004 avia
750 2954 833 3006 lustrat
844 2973 852 3005 t

184 3024 300 3093 Netquid
307 3029 413 3090 Hymen,
422 3030 480 3096 quid
491 3033 574 3088 Amor,
583 3030 641 3096 quid
650 3031 950 3094 sintconnubiacurat0430

185 3105 248 3167 Saepe
260 3120 327 3168 pater
341 3104 419 3166 dixit3
431 3110 550 3158 Generum
561 3113 621 3158 mihi
634 3145 642 3169 ,
659 3109 725 3170 filia,
737 3109 816 3162 debes.

185 3182 249 3249 Sapo
265 3199 333 3255 patet
344 3183 421 3248 ditit5
440 3187 518 3240 Debes
534 3189 612 3251 mihi,
625 3204 699 3256 nato,
716 3205 824 3259 nepotes.
