2334 4150
272 481 341 526 220
415 455 458 527 P.
486 457 641 529 Orruit
662 461 863 533 Nasonis·

270 580 347 630 flexi:
359 595 441 633 amans
458 578 542 628 oculor
553 598 559 627 ε
572 583 596 631 δι
605 581 714 644 protinus
725 580 769 630 illa
779 579 868 644 relapsa
878 579 923 629 este

269 657 415 738 Brachirque
426 655 564 717 intendent,
575 656 717 724 prendique,
728 657 875 724 &prendere
883 674 990 722 certans,

269 733 313 784 Nil
328 737 373 783 nisi
391 733 499 784 cedentes
508 734 593 788 infelix
604 739 687 802 arripit
696 753 773 790 aurae.
971 737 975 747 '

221 825 252 866 eo
270 813 369 882 Jamque
386 814 473 861 iterum
483 814 588 864 moriens
597 829 647 866 uon
657 813 690 862 est
703 812 733 863 de
743 805 845 880 conjuge
855 816 989 882 quicquam

270 890 354 951 Questa
368 891 410 942 suo
422 907 428 940 r
438 886 498 958 quid
512 893 577 942 enim
588 893 634 943 niti
649 893 671 940 se
684 907 820 958 quereretur
832 899 956 947 amatam?

267 969 455 1035 Supremumque
474 966 543 1026 vale,
563 965 689 1038 quodiam
700 972 740 1017 vix
751 970 846 1018 auribus
857 969 901 1019 ille

267 1047 410 1110 Acciperet,
431 1043 493 1098 dixit
504 1064 510 1094 r
523 1045 678 1111 revolutaque
688 1048 767 1099 rursus
775 1045 861 1097 eodem
876 1047 918 1096 est.

267 1122 324 1172 Non
335 1122 412 1197 ¹aliter
428 1122 516 1186 stupuit
525 1122 621 1186 gemini
632 1139 689 1175 nece
700 1126 809 1189 conjugis
820 1124 952 1187 Orpheus,

219 1209 246 1261 σς
266 1199 348 1260 Qulm
363 1201 459 1268 triaqui
471 1197 582 1258 timidus,
597 1197 678 1250 medio
688 1215 800 1266 portante
810 1215 926 1254 catenae,

266 1276 340 1330 Colla
357 1279 421 1330 canis
431 1274 509 1334 vidit3
526 1292 597 1341 quem
609 1293 658 1330 non
673 1293 748 1341 pavor
760 1292 814 1326 ante
824 1277 941 1344 reliquit,

265 1353 347 1415 Quim
359 1369 441 1407 natura
458 1357 540 1420 prior,
556 1355 612 1404 saxo
622 1371 662 1421 per
672 1371 758 1421 eorpus
769 1355 858 1403 oborto
870 1372 876 1402 ε

266 1433 361 1504 Quique
378 1435 403 1483 in
419 1435 442 1486 se
458 1435 548 1482 crimen
559 1434 650 1492 traxit,
669 1430 795 1498 voluitque
808 1429 885 1483 videri

266 1511 356 1560 Olenos
369 1507 415 1560 elle
428 1526 516 1564 uertens
525 1528 531 1557 r
541 1524 613 1575 tuque
624 1507 640 1559 d
651 1508 658 1557 l
677 1508 767 1558 conlisa
777 1507 877 1574 ligura,

218 1602 249 1644 70
267 1588 353 1640 Infelix
363 1588 473 1644 Lethea.
489 1599 554 1645 tut,
572 1588 716 1652 juniiisrima
730 1585 853 1653 quondam

267 1667 383 1725 Pedium,
401 1681 465 1717 nunc
476 1662 581 1728 lapides,
594 1681 654 1729 quos
664 1662 763 1714 humida
772 1663 869 1714 sustinet
879 1663 930 1716 lde.

267 1743 382 1796 Orantem
394 1775 402 1800 ,
421 1741 551 1808 frustraque
562 1744 650 1794 iterum
661 1744 759 1791 transire
773 1741 919 1804 volentem,

266 1822 371 1872 Portitor
386 1833 490 1869 arcuerat
502 1836 508 1866 ε
521 1819 611 1882 septem
623 1832 703 1866 tamen
715 1818 756 1865 ille
767 1816 850 1866 diebus

266 1895 391 1964 Squalidus
405 1900 430 1948 in
441 1898 491 1960 ripa
503 1929 511 1954 ,
529 1893 622 1945 Cereris
633 1898 683 1944 sine
694 1912 791 1945 munere
803 1930 811 1955 ‚
823 1895 893 1946 sedit.

218 1997 246 2043 75
267 1974 347 2036 Cura,
364 1973 480 2039 dolorque
495 1975 586 2033 animi,
599 1972 756 2038 lacrymaeque
768 1967 884 2022 alimenti
892 1975 970 2028 fuere.

265 2051 319 2105 Eile
339 2053 403 2103 Deos
415 2052 485 2101 Erebi
493 2048 602 2101 crudeles
612 2050 704 2117 questus
716 2085 724 2109 ,
739 2051 850 2100 inaltant

266 2134 295 2186 Se
305 2134 388 2197 recipit
395 2128 542 2196 Rhodopen,
553 2128 695 2195 pulsumque
702 2129 860 2199 Aquilonibus
868 2130 984 2185 llaemon.

266 2212 361 2260 Tertius
372 2210 487 2279 equoreis
498 2206 615 2259 inclusum
627 2199 731 2277 Pigeibus
741 2222 830 2261 annum

266 2290 370 2343 Finierat
387 2288 480 2343 Titan,
500 2300 645 2349 omnemque
666 2284 784 2348 refugerat
801 2284 911 2349 Orpheus

218 2374 250 2421 ιο
267 2366 403 2417 Femineam
422 2364 552 2416 Venerem:
563 2362 603 2408 seu
614 2358 681 2429 quod
690 2360 753 2412 mali
766 2357 864 2412 tollerat
881 2363 934 2422 illi;

267 2445 320 2493 Sive
333 2440 405 2491 fidem
414 2438 518 2495 dederat.
531 2438 622 2487 Multas
634 2452 714 2487 tamen
725 2436 796 2486 ardor
804 2439 907 2489 habebat

266 2520 366 2591 Iungere
380 2520 402 2567 se
418 2520 467 2569 vati
476 2535 482 2565 ι
492 2515 573 2570 multa
584 2513 683 2566 doluere
695 2515 801 2580 repulsa.

267 2598 311 2648 llle
325 2600 397 2647 etiam
410 2596 530 2645 Thracum
541 2593 635 2661 populis
650 2593 696 2641 fuit
706 2596 801 2651 austor,
814 2610 924 2647 amorem

268 2678 297 2730 Iu
316 2690 408 2728 teneros
421 2671 544 2724 transferre
555 2686 631 2722 mares
643 2688 649 2717 τ
661 2673 768 2735 citraque
783 2674 908 2735 juventam

220 2758 248 2818 ἃς
268 2756 356 2807 AEtatie
372 2754 442 2804 breve
454 2766 509 2805 ver.
520 2752 545 2801 δε
561 2750 651 2814 primos
667 2763 761 2811 carpere
778 2747 858 2802 flores.

301 2910 381 2962 Collis
394 2923 463 2968 erat,
478 2906 614 2973 collemque
630 2907 696 2971 super
708 2905 845 2970 planissima
856 2914 936 2976 campi

270 2974 345 3048 Area}
356 3004 429 3054 quam
439 2982 539 3035 viridem
549 2984 667 3036 feriebant
677 2987 791 3047 graminis
798 2985 885 3035 herba.

270 3068 362 3121 Umbra
383 3066 439 3115 loco
449 3061 530 3112 deerat
540 3060 603 3127 :qui
611 3060 662 3126 post
670 3058 743 3125 quim
753 3076 819 3125 parte
829 3062 919 3115 resedit

271 3142 316 3192 Dis
329 3145 422 3207 genitus
436 3155 500 3229 vptet
508 3174 519 3203 ,
530 3142 554 3190 dc
568 3136 610 3191 fila
619 3137 728 3192 sonantia
741 3142 842 3197 movit,
933 3138 937 3144 “
