2334 4150
277 535 705 629 Murrnournosrou
728 528 766 597 l.
787 530 838 598 11.
874 553 913 617 31

194 652 253 703 llic
268 657 300 705 sit
310 659 371 705 iter:
382 652 505 703 manifesta
516 668 574 702 totae
585 652 683 717 vestigia
693 667 784 701 cernes.

194 732 282 799 thue
299 734 377 783 ferant
390 748 470 798 aquos
482 735 506 781 ὃ(
518 731 608 780 eoelum
619 733 644 779 bt
656 744 717 779 terra
726 728 834 786 calores,

195 813 252 862 Nec
269 828 367 876 preme,
378 826 422 858 nee
433 811 555 857 summum
564 808 650 857 molire
657 824 698 872 pet
708 810 796 857 aethera
803 822 908 856 currum.
922 820 964 867 135

196 890 278 947 Altius
295 886 397 953 egrellus
409 888 513 937 eoelestia
523 889 581 936 tecla
593 887 724 942 cremabis,

196 966 301 1015 Inferius
313 980 385 1015 terras
396 984 402 1013 :
415 962 497 1014 medio
508 966 638 1013 tutissimus
648 965 702 1013 ibis.

197 1043 254 1092 Neu
265 1058 289 1091 te
306 1040 424 1093 dexterior
435 1042 526 1092 toltum
538 1040 643 1091 declinet
657 1045 682 1090 in
693 1043 820 1106 Anguem,

196 1122 268 1170 Neve
285 1121 412 1171 sinisterior
424 1118 524 1186 prellam
534 1136 588 1169 rota
599 1119 672 1169 ducat
682 1118 714 1168 ad
726 1122 815 1178 drame

196 1200 263 1249 luter
274 1215 402 1265 utrumque
413 1214 474 1249 tene.
487 1200 597 1248 Fortuuae
609 1213 686 1248 cetera
696 1195 786 1247 mando
797 1214 806 1256 3
922 1207 967 1252 140

197 1278 259 1339 Quae
270 1282 354 1343 juvet,
366 1282 390 1327 δι
402 1277 501 1335 melius,
515 1276 589 1343 quim
598 1291 624 1325 tu
636 1277 698 1334 tibi,
711 1275 835 1334 consulat,
847 1289 916 1340 opto.

198 1355 266 1403 Dum
288 1356 390 1422 loquor,
402 1354 516 1419 Hesperio
526 1356 614 1419 positas
627 1356 652 1403 in
663 1353 733 1402 litore
744 1367 819 1401 metas

198 1431 308 1481 Humida
317 1448 366 1482 nox
382 1435 478 1497 tetigit:
493 1449 543 1482 non
559 1434 592 1481 est
605 1448 674 1481 mora
685 1431 758 1480 libera
768 1431 848 1481 nobis:

197 1510 323 1559 Poseimur
334 1530 342 1560 z
354 1508 453 1576 effulget
466 1512 568 1559 tenebris
580 1512 672 1559 Aurora
682 1509 779 1575 fugatis.

197 1588 303 1654 Corripe
320 1589 372 1639 lota
384 1604 473 1638 manu:
487 1588 543 1647 vel,
562 1590 581 1636 si
594 1587 709 1636 mutabile
720 1590 803 1651 pestus
918 1600 959 1647 ¹45

196 1666 240 1715 Est
254 1670 312 1723 tibi,
327 1666 450 1725 consiliis,
463 1682 512 1715 non
527 1666 655 1724 curribus,
672 1678 738 1713 utere
748 1664 851 1723 nostris,

196 1743 266 1793 Dum
287 1761 372 1809 potes,
391 1748 416 1795 δι
429 1742 512 1793 solidis
527 1746 658 1793 etiamnum
670 1740 764 1791 sedibus
775 1742 852 1791 allate

196 1822 313 1889 Dumque
334 1822 396 1871 mule
411 1837 507 1886 optatos
521 1818 631 1870 nondum
646 1823 733 1885 premis
744 1821 831 1869 inscius
842 1836 916 1882 axes,

198 1902 258 1960 Quae
275 1915 340 1950 tutus
354 1901 457 1965 species,
474 1902 523 1948 sine
534 1915 573 1947 me
589 1896 644 1949 dare
656 1898 747 1947 lumina
759 1900 835 1947 terris.

197 1980 309 2043 Occupat
323 1977 364 2026 ille
376 1977 453 2027 levem
465 1976 564 2042 juvenili
582 1992 683 2041 corpore
692 1968 805 2036 currum,
921 1991 966 2036 ¹50

197 2058 298 2122 Statque
312 2057 397 2120 super:
412 2056 568 2121 manibusque
579 2051 646 2104 datas
662 2056 801 2118 contingere
815 2053 918 2104 habenas

196 2132 313 2193 Gaudet,
329 2137 353 2182 δι
370 2136 447 2184 invito
460 2148 536 2198 grates
546 2137 597 2196 agit
606 2131 662 2181 inde
676 2136 777 2197 patenti.

196 2214 292 2263 Interea
307 2211 415 2262 volucres
431 2213 540 2274 Pyroiis,
553 2211 617 2259 Eous
633 2213 658 2260 ὃ(
678 2209 786 2269 AEthon,

196 2290 261 2340 Solis
280 2291 351 2356 equi,
371 2302 515 2356 quartusque
525 2288 650 2352 Phlegon,
669 2286 801 2337 hinnitibus
814 2303 880 2338 auras

195 2366 360 2417 Flammifetis
375 2365 497 2430 implent,
514 2364 659 2432 pedibusque
674 2365 785 2432 repagula
796 2367 898 2431 pulsant.
921 2387 963 2432 ¹55

196 2445 258 2506 Quae
273 2443 397 2510 postquam
411 2444 521 2505 Tethys,
541 2443 646 2492 fatorum
658 2446 740 2509 ignara
750 2448 861 2510 nepotis,

195 2523 316 2588 Repulit,
329 2525 354 2570 δι
367 2520 427 2570 fasta
438 2521 470 2569 est
485 2523 596 2570 immensi
606 2521 676 2588 topia
691 2519 793 2581 muudi,

196 2601 343 2664 Corripuere
359 2603 424 2648 viam
436 2633 444 2659 ,
457 2597 602 2665 pedibusque
618 2616 660 2664 per
670 2604 723 2649 a'e'ta
734 2603 807 2649 motis
819 2635 828 2661 ,

196 2677 324 2727 Obstantes
342 2674 436 2726 findunt
453 2677 570 2735 nebulas,
584 2681 714 2744 pennisque
730 2676 803 2729 levati

197 2757 346 2805 Praetereunt
361 2769 427 2805 ortos
444 2752 522 2805 isdem
537 2752 566 2803 de
581 2757 687 2820 parribus
705 2755 789 2805 Euros.
851 2798 856 2806 .
921 2761 966 2798 160

197 2831 245 2882 Sed
257 2834 309 2883 leve
328 2831 421 2898 pondus
432 2849 498 2892 erat3
513 2847 555 2882 nec
568 2830 636 2898 quod
649 2834 793 2897 cognoscere
806 2830 901 2898 pollent

197 2910 262 2960 Solis
278 2915 333 2976 equi
345 2931 351 2959 s
363 2910 480 2977 solitique
490 2914 575 2977 jugum
586 2914 702 2976 gravitate
721 2912 824 2962 carebat.

196 2989 282 3054 thue
297 2989 379 3038 labant
389 3005 466 3038 curvae
477 2988 538 3053 justo
551 2992 600 3038 sine
611 2987 716 3053 pondere
728 3006 812 3049 naves,

196 3069 291 3131 Perque
307 3083 386 3123 mate,
397 3065 515 3115 instabiles
524 3066 601 3116 uituli
611 3068 723 3125 levitate,
735 3067 860 3128 feruutut5
960 3101 967 3123 ,

198 3148 238 3195 Sic
249 3159 322 3194 onere
332 3140 424 3194 assueto
437 3161 524 3194 vacuos
535 3142 575 3194 dat
587 3148 612 3193 iu
622 3149 674 3193 a‘e're
685 3145 775 3198 saltus,
918 3149 947 3188 ao
952 3156 962 3204 5

198 3224 383 3290 Succutiturque
398 3219 445 3273 alti
452 3256 462 3285 ,
473 3221 605 3290 similisque
622 3223 655 3274 ell
665 3225 830 3278 currusimni.

729 3301 749 3352 B
763 3305 787 3353 lv
