2334 4150
251 524 675 602 Mnrxuotruosrou
686 528 723 596 L.
742 527 845 598 VIII.
864 529 926 618 1'83

214 651 249 704 Et
259 689 268 715 ,
279 671 340 721 quos
352 652 448 703 sustinui
459 686 468 712 ,
479 653 514 700 bis
525 649 635 700 mensim
648 653 753 717 quinque
764 649 872 700 laboresl
934 655 979 702 5⁰0

216 731 254 779 ΟΞ
273 735 366 781 utinam
376 732 460 796 primis
471 726 560 778 arsisses
570 729 664 794 ignibus
675 728 768 781 insausl

186 801 190 806 ’
215 805 292 874 quue
309 825 355 873 ego
364 805 428 873 passa
444 807 521 856 forem
533 807 540 857 i
553 807 637 856 Vixisti
653 822 751 856 munere
761 806 860 867 nosiro,

215 885 289 935 Nune
307 889 394 936 merito
404 887 505 934 moriere
516 899 567 933 tuo.
581 884 649 950 Cape
660 888 756 950 premia
767 883 822 932 faui
834 900 844 941 ;

162 959 165 963 ’
215 961 303 1028 Bisque
320 962 417 1018 datam,
429 961 535 1027 primum
545 977 613 1026 partu
626 979 682 1011 rnox
701 963 777 1026 stipite
789 975 875 1026 rapto,

215 1038 300 1090 Redde
309 1043 429 1090 animam:
440 1039 478 1092 vel
490 1039 648 1089 mesraternis
658 1037 718 1089 adde
727 1039 847 1105 sepulcris.
934 1043 979 1092 505

214 1117 247 1167 Et
253 1122 335 1184 cupio,
345 1121 477 1183 &nequem
486 1114 551 1176 Quid
556 1123 635 1182 agam?
642 1114 717 1166 modo
724 1115 822 1167 vulnera
831 1115 932 1164 fratrum

215 1196 278 1244 Ante
293 1194 377 1244 oculos
394 1196 455 1242 mihi
466 1192 539 1253 sunt,
559 1198 584 1244 δι
603 1208 675 1243 tante
688 1193 762 1242 cladis
772 1197 867 1257 imago:

214 1271 288 1322 Nunc
304 1276 412 1322 animum
420 1274 495 1337 pietas
505 1287 676 1339 ,maternaque
685 1275 783 1321 nomina
793 1270 913 1334 frangunt.

214 1349 259 1399 Me
279 1352 390 1399 miseram
400 1357 407 1402 i
425 1351 489 1398 male
499 1353 600 1400 vincetis
611 1369 618 1398 t
630 1349 671 1400 sed
681 1354 769 1400 vincite
779 1383 787 1408 ,
798 1347 894 1406 fratres3

213 1425 379 1488 Dummodo,
393 1443 446 1493 quae
456 1425 546 1476 dedero
565 1430 635 1478 vobis
646 1428 748 1486 solatia,
759 1442 849 1491 vosque
931 1432 976 1477 5¹⁰

214 1503 267 1569 Ipsa
285 1506 376 1571 sequar.
387 1505 456 1555 Dixit
467 1524 473 1554 a
485 1503 615 1571 dextrique
626 1507 706 1555 aversa
717 1505 828 1554 trementi

215 1583 349 1632 funereum
364 1597 454 1632 torrem
465 1581 557 1632 medios
568 1587 672 1648 conjecit
683 1585 708 1631 in
718 1585 793 1647 ignes.

212 1658 268 1710 Aut*
278 1658 361 1719 dedit,
373 1675 414 1710 aut
421 1662 483 1709 visus
494 1663 596 1725 gemitus
608 1662 640 1710 ell
653 1661 695 1711 ille
707 1657 798 1710 dedisse

214 1739 306 1802 Stipest
319 1741 343 1787 δι
355 1740 436 1786 invitis
449 1753 571 1802 correptus
590 1739 619 1788 ab
631 1740 725 1803 ignibus
736 1742 799 1788 arsit.

213 1815 304 1864 Inscius
315 1850 325 1876 ‚
342 1831 414 1882 atque
432 1815 513 1864 absens
525 1815 624 1865 sstmmi
635 1818 769 1882 Meleagros
779 1820 805 1866 in
816 1815 860 1865 illa
935 1825 977 1872 5¹5

213 1891 298 1944 Uritur
311 1930 320 1954 ,
338 1897 363 1943 ic
381 1896 447 1942 cacis
457 1898 542 1945 torreri
551 1897 642 1946 viscera
653 1896 727 1944 sentit

212 1973 326 2036 Ignibus:
336 1987 368 2022 at.
375 1988 476 2036 magnos
486 1973 580 2036 superat
590 1976 678 2023 virtute
687 1971 792 2023 dolores.

214 2048 288 2110 Quod
304 2065 385 2100 tamen
395 2052 482 2116 ignavo
492 2049 581 2105 cadat,
602 2055 626 2102 ic
637 2055 686 2101 sine
699 2051 831 2117 sanguine,
849 2049 915 2111 leto,

211 2128 299 2179 Meret
310 2148 316 2177 ι
329 2130 446 2179 ᾱ-Αηεεί
467 2127 549 2178 felicia
565 2129 665 2179 vulnera
679 2127 748 2178 dicit.

212 2204 421 2273 Grandaevumque
434 2221 538 2272 patrem,
550 2205 711 2272 fratremque,
722 2208 818 2271 piasque
829 2207 919 2255 sorores
932 2220 977 2267 5²0

211 2282 279 2334 Cum
296 2288 405 2349 gemitu,
427 2286 564 2350 sociamque
576 2288 624 2334 tori
640 2298 711 2334 vocat
722 2300 763 2333 ore
776 2285 885 2349 supremo
897 2301 905 2341 3

208 2360 321 2409 forsitan
341 2364 366 2409 ic
377 2375 488 2412 matrem·
506 2360 625 2413 Crescunt
635 2364 743 2427 ignisque
754 2360 872 2429 dolorque
886 2398 893 2419 ‚

209 2438 423 2504 languescuntque
434 2441 521 2489 iterum
531 2459 537 2489 t
551 2440 626 2489 simul
638 2440 671 2490 est
682 2442 795 2490 extinctus
807 2454 905 2505 uterque
919 2475 927 2499 ‚

211 2514 288 2581 Inque
308 2517 372 2566 leves
386 2518 446 2567 abiit
461 2517 578 2582 paulatim
588 2520 681 2584 spiritus
694 2535 770 2570 auras.

210 2592 269 2643 Alta
287 2597 350 2658 jacet
367 2592 480 2657 Calydon
493 2595 594 2661 :lugent
610 2600 752 2661 juvenesque
771 2597 891 2659 senesque.
931 2603 974 2650 5²5

209 2670 352 2737 vulgusque
364 2706 373 2733 ‚
389 2688 544 2739 proceresque
555 2689 670 2738 gemunt:
680 2670 799 2738 scillaeque
810 2672 910 2737 capillos

210 2746 360 2813 Planguntur
378 2765 466 2800 matres
485 2749 651 2814 Calydonides
668 2751 787 2801 Eveniat.

209 2824 311 2875 Pulvere
329 2831 443 2877 canitiem
454 2830 549 2894 genitor
567 2828 695 2895 vultusque
713 2828 795 2877 seniles

210 2901 297 2954 Foedat
310 2906 378 2954 humi
395 2905 479 2961 fusus.
500 2908 676 2973 spatiosumque
690 2909 796 2971 increpat
811 2924 897 2956 aevum.

210 2979 276 3029 Nam
297 2980 328 3032 de
348 2998 424 3033 matre
438 3000 539 3043 manus,
557 2982 603 3033 diri
615 2986 659 3034 sibi
670 2986 764 3035 conscia
775 2984 830 3034 fasli
842 3020 851 3045 ‚
915 3016 916 3019 =
929 2995 974 3041 53⁰

209 3056 296 3123 Exegit
312 3076 410 3124 poenm,
427 3064 479 3111 asto
490 3064 629 3128 perviscera
645 3063 717 3113 ferro.

210 3134 270 3184 Nou
288 3141 348 3188 milri
359 3143 378 3187 si
390 3156 486 3191 centum
497 3142 562 3190 Deus
578 3160 621 3193 ora
635 3144 758 3195 sonantia,
773 3141 859 3206 lingua

210 3212 385 3284 Ingeniumque
397 3235 470 3285 capax
480 3254 490 3285 ‚
508 3234 635 3287 totumque
646 3219 763 3271 Helicona
773 3216 893 3279 dedilsctt
