2334 4150
235 520 665 593 Mirrnorrnomon
691 516 730 587 L.
760 484 827 589 IV.
860 524 900 591 81

170 642 213 697 Ut
223 662 314 698 verrere
321 660 406 695 rorum
416 647 504 710 conjux
514 646 540 693 it
552 639 646 691 adulter
655 643 683 689 in
693 656 788 696 unum3

172 738 235 789 Arte
246 740 313 800 viri,
324 737 457 803 vinclisque
468 733 532 785 novi
541 736 634 783 ratione
644 734 752 797 paratis,

172 814 204 867 ln
215 816 305 867 mediis
317 817 389 865 ambo
400 811 508 878 deprensi
519 811 666 877 amplexibus
676 812 777 858 herent.

174 894 296 944 Lemnius
309 891 431 956 extemplo
440 890 521 941 valvas
532 888 646 954 patefecit
654 887 771 946 eburnas,
909 890 916 922 ¹
923 875 949 937 ὃς

174 970 335 1037 Admisitque
348 969 423 1019 Deos.
436 968 476 1017 Illi
487 970 580 1033 iacuere
591 966 660 1031 ligeri

175 1050 296 1114 Turpiter
308 1068 315 1096 s
327 1062 398 1113 atque
409 1046 494 1112 aliquis
503 1043 534 1093 de
546 1042 592 1093 Dis
602 1059 653 1093 non
664 1042 767 1091 tristibus
776 1054 846 1107 optet

174 1130 217 1177 Sic
226 1126 280 1176 fieri
291 1128 375 1191 surpis.
388 1126 470 1188 Superi
480 1124 549 1172 rise're
561 1140 567 1169 r
581 1119 671 1187 diuque

175 1192 236 1243 Haec
248 1191 296 1243 fuit
306 1195 334 1241 in
344 1205 397 1241 toto
409 1191 534 1239 notissima
544 1186 626 1237 fabula
637 1185 712 1236 coelo.
770 1238 774 1245 ,

206 1346 292 1413 Exigit
302 1346 387 1398 indicii
400 1360 534 1397 memorem
545 1320 679 1409 cythereia
692 1359 809 1411 poenam3
904 1361 912 1391 r
917 1360 950 1403 ρο

175 1424 252 1492 lnqnc
261 1429 325 1477 vices
335 1425 422 1480 illum,
434 1427 506 1475 testor
516 1427 558 1490 qui
568 1425 628 1474 laesit
638 1440 749 1482 amores,

135 1541 140 1548 .
175 1502 257 1553 Laedir
265 1519 348 1555 amore
359 1505 418 1569 pari.
431 1500 497 1563 Quid
506 1518 590 1558 nunc,
607 1502 745 1566 Hyperione
755 1514 828 1561 nate,

175 1581 266 1631 Forma
275 1580 391 1647 calorque
399 1581 443 1630 tibi
453 1615 461 1640 ,
473 1578 611 1646 radiataque
622 1579 714 1629 lumina
725 1579 841 1643 prosunt?

175 1659 272 1726 Nempe
284 1662 330 1709 tuis
341 1661 477 1725 omnesqui
489 1673 560 1707 terras
572 1658 667 1723 ignibus
677 1659 741 1716 uris,
792 1674 797 1685 ·

174 1737 258 1787 Uteris
268 1741 327 1803 igne
338 1754 402 1788 novo
414 1756 420 1785 r
433 1739 522 1803 quique
531 1739 614 1787 omnia
625 1752 720 1786 cernere
730 1731 801 1785 debes
809 1750 831 1796 ,'
905 1751 949 1801 ης

174 1816 335 1865 Leucothoen
346 1818 432 1881 spretas
444 1834 451 1863 ε
463 1818 488 1865 &
499 1817 592 1879 virgine
603 1813 655 1879 figis
666 1817 692 1863 in
704 1830 768 1874 una,
866 1830 870 1835 ·

175 1894 246 1955 Quos
257 1893 351 1949 mundo
363 1892 450 1955 debes,
461 1890 647 1951 oculos.,Modd
658 1893 732 1958 surgis
743 1892 796 1943 Eoo

175 1974 323 2037 Temporius
334 1972 398 2023 coelo
411 1991 417 2021 ε
429 1970 506 2027 modd
516 1970 588 2021 seritis
598 1969 684 2020 incidis
694 1968 763 2020 undis
775 1986 783 2029 ς
839 2026 843 2030 ,

174 2049 351 2118 spetiandique
361 2050 431 2102 morri
442 2049 559 2101 brumales
571 2052 672 2115 porrigis
685 2050 765 2098 horas.

174 2129 267 2180 Deficis
277 2129 399 2180 interdum
411 2149 417 2178 s
429 2132 564 2194 vitiumque
570 2131 600 2186 in
609 2129 702 2177 lumina
713 2128 800 2175 mentis
901 2129 948 2162 ²0⁰

175 2207 295 2267 Transit,
312 2211 336 2257 bt
351 2208 463 2258 obscurus
478 2205 592 2256 mortalia
606 2207 702 2270 pellona
716 2219 797 2253 terres.

175 2284 228 2336 Nec
238 2320 246 2345 ,
258 2285 303 2336 tibi
315 2283 381 2350 qnod
392 2286 465 2336 Lunae
476 2287 543 2334 terris
555 2286 674 2349 propioris
683 2286 765 2348 imago

176 2362 319 2422 obstiterit,
331 2363 423 2428 palles:
437 2363 495 2412 facit
506 2366 569 2412 hunc
582 2379 650 2412 amor
660 2361 701 2410 iste
713 2362 830 2412 colorem.

175 2439 266 2506 Diligis
273 2444 335 2490 hanc
346 2459 418 2492 unam
429 2461 436 2490 r
447 2459 491 2492 nes
502 2458 524 2490 te
536 2440 718 2507 Clymeneque,
730 2439 895 2508 Rhodosque,

176 2517 229 2569 Nec
241 2535 307 2569 tener
321 2521 388 2570 21²aeae
398 2523 500 2584 genitrix
513 2519 674 2584 pulcherrima
687 2518 790 2579 Circes,
899 2531 943 2577 205

177 2595 285 2663 Quaeque
296 2612 350 2648 tuos
360 2597 443 2659 Clytie
453 2632 461 2656 ,
473 2600 580 2663 quamvis
593 2595 701 2661 despesta
708 2632 716 2657 ,
728 2598 823 2662 petebat

178 2673 330 2726 Concubitus
342 2693 349 2734 3
367 2677 465 2741 ipsoque
475 2675 521 2724 illo
531 2691 602 2739 grave
611 2674 698 2724 vulnus
707 2675 812 2724 habebat

178 2751 309 2818 Tempore.
321 2754 460 2802 Leucotho'e'
469 2751 601 2802 multarum
610 2750 702 2802 oblivia
713 2751 787 2806 fecit,

177 2830 262 2879 Gentis
273 2829 401 2880 odoriferae
412 2846 485 2896 quam
497 2829 670 2879 formosissima
678 2843 747 2894 partu

175 2904 261 2956 Edidit
272 2907 408 2970 Eurynome
420 2927 426 2956 ι
438 2907 479 2958 sed
489 2908 540 2972 post
551 2908 626 2975 qudnr
637 2907 687 2958 filia
698 2911 789 2969 crevit,
803 2947 807 2952 .
898 2917 944 2951 2¹0

177 2983 258 3046 Qudm
269 3001 346 3038 mater
357 2989 469 3047 cunctas,
482 3001 531 3036 tam
542 3004 644 3037 matrem
656 2985 705 3037 filia
715 2991 799 3039 vincit.
830 3017 833 3026 ·

177 3061 247 3112 Rexit
258 3065 421 3114 Achaemenias
433 3065 501 3114 urbes
512 3079 577 3130 parer
587 3066 721 3116 Orchamus
732 3085 739 3116 e
752 3070 819 3132 isque

175 3139 295 3205 Septimus
304 3159 319 3192 a
329 3143 400 3208 prisci
410 3157 548 3192 numeratur
559 3145 651 3208 origine
660 3144 723 3194 Beli.

174 3215 224 3266 Axe
235 3220 277 3268 sub
288 3219 404 3288 Hesperio
415 3222 469 3272 suut
479 3223 564 3290 pascus
574 3221 635 3274 Solis
646 3239 780 3292 equorum,

703 3303 758 3353 Dr
