2334 4150
253 474 300 533 66
392 466 453 537 P..
475 469 633 539 Orrnrr
668 475 867 544 NAsourt

250 586 366 654 Adliupet
377 590 425 655 ipse
435 591 497 650 sibi,
511 590 627 657 vultuque
639 595 755 643 immotus
765 594 852 645 eodem

253 667 334 717 Haeret
346 702 354 728 ,
373 684 422 717 ute
434 670 502 717 Pario
515 668 647 719 formatum
659 688 779 721 marmore
789 677 893 738 signum.

202 747 346 811 nospeuat
355 748 422 795 humi
437 749 528 811 pesitus
538 752 679 813 geminum,
695 752 736 798 sua
746 751 855 807 lumina,
867 750 931 802 sidus
942 786 952 812 ,

252 824 284 873 Et
296 822 381 889 dignos
391 824 498 879 Baccho,
514 823 637 890 dignos&
649 828 761 893 Apolline
775 831 869 888 crines,

252 900 411 967 lmpubesque
422 918 506 967 genas,
526 906 550 952 &
566 906 669 955 eburnea
680 906 764 967 colla,
782 906 901 973 decusque

253 980 326 1038 Oris,
346 983 374 1034 ,&
385 982 497 1051 in'niveo
513 984 617 1031 mixtum
632 982 735 1033 candore
752 986 884 1043 ruborem3

252 1056 391 1123 Cunllaque
402 1061 519 1118 miratur,
534 1061 620 1125 quibus
635 1062 668 1110 est
682 1062 797 1111 mirabilis
808 1065 857 1127 ipse
868 1080 875 1111 e

204 1137 281 1199 425Se
295 1139 361 1200 cupit
373 1134 525 1201 imprudens:
537 1142 561 1187 &
574 1172 583 1199 ,
598 1142 640 1204 qui
650 1141 751 1204 probat,
762 1140 804 1188 ille
815 1141 939 1204 probatur.

252 1212 365 1279 Dumque
373 1216 447 1280 petit,
457 1219 560 1279 peritur:
571 1219 704 1283 pariterque
713 1215 822 1268 incendit
829 1253 838 1281 ,
852 1221 877 1268 δε
888 1215 966 1267 ardet.

253 1291 321 1340 lrrita
332 1292 412 1341 fallaci
423 1296 516 1359 quoties
527 1290 595 1343 dedit
608 1295 690 1344 oscula
700 1295 776 1346 fonti!

252 1368 280 1417 ln
293 1367 384 1419 medias
401 1374 514 1436 quoties,
523 1373 602 1422 visum
619 1377 739 1438 captantia
756 1374 869 1436 collum,

253 1445 352 1496 Brachia
367 1453 449 1512 mersit
462 1466 533 1516 aquas
544 1486 552 1510 ,
563 1467 607 1500 uec
618 1452 642 1500 se
651 1449 809 1517 deprenditin
819 1454 882 1503 illis!

206 1524 320 1587 430Quid
331 1526 429 1589 videat,
440 1531 532 1587 nescit,
545 1526 604 1587 sed,
615 1528 683 1595 quod
691 1528 775 1590 videt,
787 1534 862 1580 utitur
870 1529 935 1591 illo;

253 1607 332 1671 Atque
347 1604 518 1667 oculosidem,
528 1610 569 1672 qui
581 1605 688 1672 decipit,
704 1611 789 1657 incitat
796 1626 870 1658 error.

170 1685 174 1691 ’
255 1682 360 1733 Credule
372 1719 380 1743 ,
392 1682 450 1749 quid
464 1684 547 1733 frustra
558 1685 684 1734 simulacra
694 1686 788 1750 fugacia
799 1691 893 1752 captas?

255 1759 329 1822 Quod
336 1765 405 1826 petis,
413 1762 566 1827 estnusquam
576 1760 657 1827 :quod
667 1780 741 1823 arnas,
753 1779 866 1823 avertere,
875 1762 968 1829 perdet.

188 1834 190 1839 ’
255 1840 299 1887 Ista
310 1834 458 1903 reperculsa,
478 1855 550 1905 quarn
560 1842 635 1887 cernis
645 1874 653 1899 ,
664 1843 773 1905 imaginis
784 1843 868 1889 umbra
880 1840 921 1891 est.

206 1940 235 1983 43
242 1918 298 1984 5Nil
309 1918 380 1967 habet
390 1917 472 1967 istasui
482 1932 623 1983 :tecumque
636 1921 749 1985 venitque
761 1934 888 1985 manetque
897 1937 915 1968 t·

256 1998 348 2045 Tecum
365 1993 485 2056 discedat,
496 1998 515 2045 si
528 2011 553 2045 tu
565 1994 685 2046 discedere
696 1999 778 2061 possis.

255 2073 313 2125 Non
328 2073 399 2124 illum
410 2072 503 2125 Cereris
516 2109 523 2134 ,
542 2091 592 2124 non
602 2074 672 2123 illum
683 2092 739 2124 cura
749 2077 834 2140 quietis

254 2154 393 2204 Abstrahere
402 2151 459 2204 inde
469 2153 545 2221 potest
553 2172 559 2202 ε
566 2152 613 2222 sed
620 2153 695 2218 opaci
706 2153 769 2202 fusus
777 2157 802 2202 in
811 2154 884 2223 herlpa
897 2187 906 2214 ,

256 2235 348 2297 Speliat
359 2231 480 2297 inexpleto
489 2229 628 2282 mendacem
640 2232 730 2280 lumine
737 2231 839 2279 formam
850 2265 859 2288 ,

208 2309 347 2378 440l’erque
361 2309 444 2358 oculos
455 2312 516 2374 petit
525 2311 573 2374 ipse
584 2311 650 2358 suos:
659 2309 803 2374 paulumque
814 2308 920 2369 levatus,

256 2387 295 2436 Ad
306 2387 482 2450 circumstantes
494 2386 591 2437 tendens
603 2387 642 2435 sua
652 2387 747 2434 brachia
758 2385 844 2443 silvas3

256 2466 362 2531 Ecquis,
380 2471 408 2514 i'o
418 2465 483 2515 silvae
494 2501 501 2525 ‚
514 2463 631 2515 crudelius
642 2499 650 2522 ,
662 2466 758 2528 inquit,
769 2465 880 2512 amavit?

255 2545 326 2594 Scitis
337 2545 419 2600 enim,
438 2547 462 2594 dc
476 2543 557 2592 multis
570 2543 658 2591 latebra
668 2558 803 2606 opportuna
814 2541 899 2592 fuistis.

256 2622 382 2688 Ecquem,
393 2623 447 2672 edm
457 2623 537 2672 vestra
548 2637 585 2672 tot
596 2636 695 2688 agantur
709 2621 788 2670 secula
799 2623 874 2680 vitae,

209 2701 307 2771 445Qui
321 2704 354 2752 sic
369 2701 490 2760 tabuerit,
508 2702 581 2766 longo
594 2699 734 2748 meministis
744 2702 770 2748 in
781 2703 851 2748 aevoi

257 2779 290 2830 Et
301 2780 394 2845 placet.
408 2784 432 2830 δι
442 2779 527 2829 video:
536 2776 576 2828 sed
587 2775 925 2845 quodvideoqueplacetque,

258 2857 317 2908 Non
327 2874 409 2910 tamen,
421 2861 517 2916 invenio
527 2875 533 2906 ι
543 2870 622 2922 tantus
629 2870 694 2906 tenet
705 2871 769 2904 error
778 2853 915 2902 amantem!

259 2935 363 3002 Quisque
373 2939 448 3000 magis
460 2932 555 2985 doleam
566 2951 574 2992 3
585 2950 629 2984 nec
638 2950 682 2982 nos
689 2949 753 2980 mate
763 2934 852 2994 separat
861 2933 964 2994 ingens,

260 3013 311 3064 Nec
321 3016 360 3066 uia
371 3047 380 3074 ,
399 3029 442 3062 nec
452 3028 560 3070 montes,
573 3028 616 3060 nec
627 3013 711 3060 clausis
722 3012 810 3058 moenia
820 3010 910 3073 portis:

210 3091 351 3159 450Exigud
360 3092 513 3158 prohibemur
526 3089 588 3158 aqui
599 3108 606 3138 ι
618 3091 683 3154 cupit
693 3089 741 3152 ipse
752 3088 834 3135 teneti.

260 3168 325 3222 Nam
341 3173 435 3240 quoties
445 3167 542 3239 liquidis
552 3170 699 3237 porreximus
709 3165 790 3217 oscula
799 3164 920 3236 lymphis,
