2334 4150
232 527 658 594 MnrAMorrrrosnou
669 525 707 592 I.
726 525 829 596 VIII.
850 531 916 620 187

199 644 353 698 Consenuere
365 645 419 695 catal
426 664 433 693 z
441 658 653 711 paupertatemque
664 643 763 695 fatendo

199 723 306 775 Effecere
323 727 417 782 levem,
429 739 473 772 nec
484 721 565 788 iniqui
578 737 659 772 mente
675 721 807 772 serendam.

197 801 250 851 Nec
267 803 354 861 refert,
370 800 482 850 dominos
497 800 549 849 illic
561 835 569 859 ‚
581 800 714 848 famulosne
726 804 847 866 requirat;
916 812 960 866 ⁶³5

197 878 262 928 'sota
273 879 373 940 domur,
386 877 436 928 duo
447 880 517 928 sunt:
531 877 597 928 idem
607 893 736 943 parentque
747 879 887 945 jubentque.

198 957 263 1021 Ergo
280 959 322 1006 ubi
333 956 459 1008 Coelicole
475 971 561 1021 parvos
579 959 675 1021 tetigere
686 971 802 1022 penates,

193 1032 365 1101 submissoque
376 1033 478 1084 humiles
492 1037 611 1083 intrarunt
621 1037 708 1082 vertice
720 1035 815 1098 poster;

194 1110 308 1161 Membra
317 1114 386 1161 senex
403 1115 482 1176 posito
492 1115 560 1175 jussit
569 1111 673 1162 relevare
685 1109 753 1162 sedili
763 1129 771 1160 r

194 1187 251 1248 Quo
261 1190 330 1253 super
344 1191 428 1253 iniecit
438 1203 529 1238 textum
545 1186 604 1238 rude
619 1187 700 1239 sedula
710 1183 802 1238 Baucis.
913 1199 960 1251 ιφ

193 1264 253 1315 lnde
273 1266 330 1316 foco
349 1264 456 1331 tepidum
471 1269 575 1315 cinerem
586 1265 707 1316 dimovit:
720 1270 745 1316 δε
763 1270 829 1332 ignes

194 1345 298 1393 suscitat
315 1346 434 1395 hesternos
446 1362 455 1402 i
473 1343 585 1412 foliisque
597 1350 621 1394 bt
633 1349 721 1394 cortice
734 1348 797 1395 sicco

191 1421 295 1479 Nutrit3
315 1425 340 1470 ἃ
357 1420 388 1472 ad
411 1420 519 1471 flammas
534 1421 614 1472 animi
629 1421 741 1487 producit
751 1423 828 1470 anili:

190 1498 373 1566 Multifidasque
392 1499 472 1557 faces,
490 1501 636 1567 ramaliaque
647 1499 714 1550 arida
724 1502 786 1548 tedio

188 1575 307 1638 Detulit,
321 1581 346 1627 ᾱ
358 1581 466 1639 minuit,
480 1579 602 1644 parvoque
613 1575 722 1627 admovit
731 1582 800 1626 a'e'no.
910 1587 953 1640 εις

188 1653 312 1721 Quodque
328 1657 382 1704 suus
398 1659 486 1720 conjux
496 1659 565 1722 riguo
576 1655 706 1720 collegerat
715 1657 788 1704 horto
800 1687 808 1714 ,

187 1733 298 1784 Truncat
307 1733 361 1784 olur
372 1734 445 1783 foliis.
463 1735 481 1782 F
482 1735 539 1783 urci
549 1733 613 1783 levat
622 1734 664 1782 ille
675 1734 768 1782 bicorni

187 1809 295 1862 Sordida
306 1826 373 1878 terga
389 1813 436 1860 suis
450 1814 521 1876 nigro
535 1810 662 1876 pendentia
680 1813 766 1875 tigno:

184 1889 332 1954 Servatoque
343 1887 385 1937 diu
396 1891 484 1938 resecat
494 1886 524 1937 de
535 1904 628 1955 tergore
637 1903 731 1954 partem

183 1964 323 2030 Exiguam
344 1967 477 2031 festamque
494 1963 578 2014 domat
598 1966 742 2016 serventibus
760 1963 839 2014 undis
906 1980 954 2045 (ιο

182 2043 279 2092 Interea
296 2041 387 2095 inedias
404 2042 493 2092 fallunt
507 2044 655 2093 sermonibus
672 2045 760 2093 horas:

182 2121 319 2187 sentirique
337 2137 432 2169 moram
452 2122 589 2184 probibent.
611 2120 667 2169 Erat
684 2120 763 2169 alveus
780 2118 831 2169 illic

180 2196 300 2260 fagineus
310 2208 326 2255 ,⁸
336 2196 410 2247 curva
427 2197 498 2248 clavo
515 2199 636 2262 suspensus
654 2200 684 2246 ab
706 2196 780 2245 ansae

180 2274 204 2323 ls
226 2273 313 2340 tepidis
327 2275 440 2339 impletur
451 2278 537 2341 aquis;
553 2291 664 2341 artusque
675 2272 792 2325 fovendos

179 2354 288 2417 Accipit.-
307 2352 335 2401 In
350 2350 432 2401 medio
443 2352 548 2403 torusest
558 2350 588 2401 de
600 2352 714 2401 mollibus
727 2351 787 2400 ulvis
900 2367 944 2423 655

177 2429 310 2494 Impositos
324 2429 403 2488 lesio,
423 2428 515 2493 sponda
530 2428 681 2501 pedibusque
694 2430 796 2494 salignis.

178 2507 289 2558 Vestibus
300 2509 364 2557 hunc
379 2507 477 2567 velant,
492 2524 550 2573 quas
565 2524 614 2556 non
630 2508 675 2557 nisi
687 2522 793 2572 tempore
806 2506 864 2557 festo

178 2588 288 2637 Sternere
306 2587 465 2634 consuerant·
459 2582 517 2633 ·sed
528 2588 553 2635 bt
565 2588 616 2634 haec
627 2585 728 2649 vilisque
739 2600 853 2651 vetusque

176 2663 254 2712 Vestia
270 2678 334 2717 erat,
350 2661 411 2710 letio
421 2678 470 2709 non
479 2659 626 2725 indignanda
636 2662 736 2725 saligno.

176 2740 315 2789 Accubuere
334 2739 389 2787 Dei.
407 2739 517 2789 Mensam
528 2741 645 2788 succinua
656 2752 805 2802 tremensque
896 2756 943 2797 540

176 2816 250 2867 Ponit
260 2833 319 2865 anua
332 2835 338 2865 ι
350 2817 435 2869 mensae
447 2814 487 2865 sed
498 2832 547 2865 erat
558 2833 598 2880 per
608 2820 689 2865 tertius
699 2820 793 2881 impar3

175 2892 246 2946 Testa
261 2910 343 2958 parem
360 2893 428 2943 fecit.
440 2894 499 2953 Qua
510 2895 562 2958 post
573 2894 648 2960 quim
660 2890 753 2943 subdita
763 2894 854 2949 clivum

175 2971 292 3030 Sustulit,
310 2985 427 3036 aequatarn
445 2987 531 3020 mentae
543 2974 626 3025 tersere
640 2975 749 3022 virentes.

174 3048 275 3097 Ponitur
293 3051 332 3098 hic
350 3048 444 3097 bicolor
454 3053 550 3099 sincera
562 3053 634 3101 bacca
645 3052 776 3111 Minervae,

173 3124 329 3191 conditaque
345 3127 372 3173 in
386 3124 477 3190 liquida
488 3143 559 3176 corna
573 3128 719 3177 autumnalia
730 3128 807 3191 sace,
889 3133 902 3170 ὅ
907 3133 934 3187 61

114 3253 116 3258 .
172 3200 306 3276 lutubaque
317 3235 327 3264 ,
338 3205 364 3255 δι
375 3200 441 3257 radix
452 3238 462 3263 ,
472 3202 659 3259 &lacunaria
673 3207 765 3269 corilip
