2334 4150
314 554 336 615 6
374 547 418 615 P.
458 546 658 615 Ournrr
690 546 952 617 Nasonis-

313 669 392 729 Quam
403 670 466 718 satu's
475 666 571 734 lapeto,
585 671 687 719 mixtam
698 668 835 721 fluvialibus
844 670 932 733 undis,

312 747 391 796 Finxit
405 750 430 795 in
446 745 549 813 effigiem
564 745 734 798 moderantum
747 753 830 799 cunda
841 750 961 801 Deorum.

312 826 436 891 Pronaque
451 824 507 873 etim
519 827 622 889 spestent
632 826 745 875 animalia
757 842 836 878 cetera
848 840 956 890 terranis,

264 904 276 949 8
282 921 290 966 5
313 904 347 952 Os
363 904 457 951 homini
473 902 574 951 sublime
589 901 674 964 dedit,
690 904 827 971 coelumque
839 908 899 954 tueri

312 980 399 1040 Jussit,
420 984 445 1030 &
464 982 551 1030 cretios
562 978 593 1029 ad
606 979 681 1031 sidera
692 983 777 1032 tollere
787 983 877 1033 vultus.

313 1060 350 1108 Sic
362 1093 370 1118 ‚
382 1056 458 1107 modb
468 1074 520 1123 quae
531 1057 608 1108 fuerat
619 1057 716 1109 rudis&
729 1064 779 1110 sine
787 1063 905 1125 imagine,
917 1058 989 1110 tellus

311 1135 394 1188 Induit
404 1139 498 1205 ignotas
506 1138 634 1187 hominum
645 1139 757 1190 conversa
766 1137 862 1205 figuras.

344 1295 422 1346 Aurea
432 1300 508 1361 prima
520 1300 569 1348 sata
584 1298 617 1347 est
626 1314 697 1359 atat,
708 1314 775 1365 que,
787 1295 883 1348 vindice
894 1297 981 1354 nullo,

263 1378 295 1423 >⁰0
314 1375 403 1439 Sponte
414 1375 472 1433 sual,
484 1378 533 1424 sine
542 1376 608 1442 lege,
621 1374 693 1425 fidem
705 1379 842 1442 retiumque
853 1375 956 1425 colebat.

314 1453 387 1500 Poena
401 1468 524 1518 metusque
536 1453 651 1512 aberant3
666 1470 709 1502 nec
723 1455 796 1503 verba
807 1458 910 1503 minacia
922 1452 971 1502 fixo

313 1528 369 1577 AEre
385 1529 538 1594 legebantur:
549 1547 594 1579 nec
605 1530 703 1596 supplex
715 1533 784 1581 turba
796 1532 913 1580 timebant

312 1605 402 1656 Iudicis
417 1625 459 1657 ora
473 1610 524 1667 sui3
541 1607 660 1659 sederant
675 1611 725 1659 sine
738 1607 818 1675 judice
829 1612 884 1658 tuti.

313 1684 431 1735 Nondum
442 1688 500 1735 caesa
510 1688 572 1745 suis,
588 1690 739 1751 peregrinum
748 1701 774 1735 ut
783 1688 871 1737 viseret
880 1686 963 1735 orbern
972 1722 983 1749 ,

261 1776 291 1820 (μς
313 1764 454 1818 Montibus,
471 1767 498 1811 in
516 1762 619 1828 liquidas
630 1767 699 1828 pinus
711 1761 864 1813 descenderat
873 1762 966 1814 undas:

314 1842 435 1907 Nullaque
448 1841 561 1890 mortales
572 1875 580 1901 ,
591 1855 676 1905 praeter
690 1842 746 1900 sua,
762 1833 834 1890 litora
844 1855 941 1892 norant.

313 1916 431 1970 Nondum
442 1922 573 1985 praecipites
586 1919 713 1983 cingebant
723 1918 813 1987 oppida
825 1916 908 1968 follae

313 1997 371 2047 Non
387 1999 443 2046 tuba
453 1996 551 2057 diresti,
563 2012 614 2046 non
625 1999 676 2046 aeris
687 2012 777 2046 cornua
786 1995 858 2057 flexi,

314 2076 372 2125 Non
383 2076 456 2142 galeae
466 2111 474 2132 ,
485 2093 535 2126 non
546 2079 624 2135 ensis,
635 2090 702 2126 erant
713 2094 719 2125 t
731 2078 780 2126 sine
791 2077 876 2128 militis
890 2080 935 2128 usu

270 2154 404 2204 100Mollia
417 2156 502 2204 securae
513 2154 657 2220 peragebant
665 2157 715 2203 otia
728 2168 828 2204 mentes.

317 2233 369 2297 ipsa
383 2237 482 2298 'quoque
496 2233 627 2290 immunis,
642 2230 762 2296 rastroque
772 2232 876 2288 inradia,
889 2246 934 2278 nee
944 2230 1003 2281 ullis

315 2313 399 2358 Saucia
409 2310 560 2367 vomeribus,
571 2324 614 2372 per
622 2310 645 2357 se
652 2306 725 2356 dabat
733 2309 816 2354 onmia
826 2305 912 2354 tellusa

264 2393 266 2400 “
314 2387 479 2452 Contentique
496 2387 570 2456 cibis,
589 2382 657 2432 nullo
671 2398 783 2447 cogente,
800 2383 901 2442 crearis,

315 2465 430 2512 Arbuteos
444 2463 522 2522 fetus,
540 2476 702 2525 montanaque
719 2458 787 2524 fraga
797 2459 926 2524 legebant,

268 2547 310 2594 ¹05
315 2540 461 2606 Cornaque,
473 2544 498 2589 bc
509 2542 534 2586 in
545 2536 610 2610 elutis
623 2539 737 2586 haerentia
747 2553 816 2586 mora
825 2537 930 2596 rubetis;

313 2618 345 2666 [t
355 2633 407 2682 qua
422 2614 559 2666 deciderant
570 2610 653 2680 patuli
662 2615 727 2664 lovis
738 2615 822 2665 arbore
833 2612 940 2680 glandes.

313 2695 363 2745 Ver
374 2710 424 2745 erat
438 2709 566 2748 aetetnum,
583 2691 719 2760 placidique
730 2693 864 2758 tepentibus
874 2695 936 2742 auris

313 2773 567 2839 MultebantZephyri
576 2776 702 2823 natoesine
715 2774 805 2822 semine
813 2770 893 2821 flores.

314 2855 374 2902 Mox
386 2857 457 2902 etlam
469 2853 547 2916 fruges
558 2851 628 2902 tellus
637 2854 728 2901 inarata
739 2851 844 2900 ferebat:

265 2923 366 2979 houec
383 2945 508 2980 renovatus
520 2945 574 2993 ager
585 2926 689 2993 gravidis
702 2931 801 2977 canebat
811 2928 894 2977 aristis.

315 3007 425 3056 Flumina
436 3011 485 3072 jam
497 3006 576 3066 latiis,
590 3011 638 3069 jam
650 3005 749 3055 flumina
759 3009 858 3056 nestaris
868 3009 949 3058 ibant:

315 3086 333 3134 F
335 3086 433 3151 lavaque
445 3083 474 3134 de
483 3083 555 3136 viridi
565 3085 683 3134 stillabant
694 3085 759 3134 illice
768 3085 851 3135 mella.

348 3244 403 3295 Post
416 3245 490 3315 quim
499 3281 509 3310 ,
526 3247 628 3298 Saturno
641 3246 764 3297 tenebrosa
774 3247 800 3295 in
811 3245 910 3295 Tartara
920 3243 994 3296 miffo
1000 3280 1013 3307 ‚
