2334 4150
296 547 360 612 118
437 537 481 610 P.
503 542 659 610 Or‘rnrr
679 541 872 611 NAsours
914 553 919 560 '

292 660 465 732 Menaliosque
474 669 550 723 sinus,
562 663 716 730 gelidumque
728 666 885 716 Erimsnthon
898 669 921 714 δι
933 665 1008 726 Elin,

293 743 395 793 Currere
408 745 502 792 sustinui
514 762 521 791 e
531 759 575 792 nec
592 761 630 802 ure
641 744 747 793 velocior
758 744 809 793 ille.

244 821 340 871 troSed
351 823 450 873 tolerare
460 819 501 871 diu
511 824 591 870 cursus
603 839 664 886 ego,
678 823 766 871 viribus
781 827 875 888 impar,

296 900 352 949 Non
365 915 472 964 poteram
484 917 490 947 s
500 900 567 964 longi
584 903 675 964 patiens
685 914 734 949 erar
744 901 785 949 ille
800 901 898 949 laboris.

294 975 337 1026 Per
355 993 434 1026 tamen
445 981 470 1027 &
484 995 594 1042 campos,
611 994 652 1042 per
664 993 759 1045 opertos
771 979 853 1028 arbore
863 991 973 1036 montes,

293 1057 352 1104 Saxa
368 1073 465 1122 quoque
475 1061 500 1106 ὃ(
511 1073 596 1122 rupes,
608 1060 633 1106 &
646 1056 694 1121 qui
703 1059 742 1105 via
753 1057 820 1105 nulla
831 1089 839 1115 ,
855 1058 956 1104 cucurri.

294 1132 335 1182 Sol
349 1147 400 1183 erat
416 1150 429 1182 a
445 1148 512 1198 tergo
525 1131 593 1184 :vidi
607 1133 738 1199 precedere
752 1134 850 1199 longam

246 1221 272 1257 ω
281 1212 355 1269 5Ante
371 1208 443 1276 pedes
459 1213 585 1275 umbram,
599 1215 644 1260 nisi
662 1215 680 1260 si
698 1215 771 1262 timor
785 1211 828 1260 illa
836 1209 941 1260 videbat.

293 1286 340 1337 Sed
349 1287 411 1338 cert&
421 1291 548 1356 sonituque
556 1287 645 1354 pedum
656 1291 775 1350 terrebar,
788 1294 813 1340 δι
823 1293 905 1355 ingens

293 1365 403 1416 Crinales
413 1370 484 1417 vittas
494 1368 590 1416 afflabat
600 1368 716 1417 anhelitus
729 1371 787 1418 oris.

294 1441 360 1493 ferra
368 1445 449 1495 labore
455 1445 533 1510 fugae,
545 1447 589 1494 Fer
599 1463 685 1510 opem,
698 1444 882 1512 deprendimur,
893 1446 1009 1509 inquam,

294 1523 441 1588 Armigcrae,
456 1523 595 1586 Disiynoa,
610 1539 657 1573 tuae
669 1543 676 1573 ι
688 1528 726 1574 cui
737 1527 796 1590 saepe
807 1521 890 1573 dedisti

246 1601 365 1650 saoFerre
377 1616 431 1650 tuos
447 1617 531 1661 arcus,
547 1603 685 1668 inclusaque
698 1603 745 1652 tela
760 1601 877 1668 pharetrl.

296 1679 367 1728 Mota
376 1678 429 1728 Dea
438 1680 487 1738 est,
501 1682 624 1745 spissisque
639 1681 715 1730 ferens
727 1698 739 1728 e
750 1682 852 1729 nubibus
862 1693 936 1728 unam

296 1758 338 1806 Me
352 1759 419 1821 super
436 1760 527 1821 injecit.
543 1758 637 1806 Lustrat
648 1758 749 1821 caligine
760 1760 845 1806 seuam

296 1834 379 1883 llmnis
390 1869 400 1893 ,
414 1838 439 1884 &
457 1837 552 1898 ignarus
562 1837 652 1882 circum
662 1849 720 1883 cava
735 1833 818 1882 nubila
828 1833 923 1898 querit.

296 1912 381 1976 Bisque
397 1912 496 1966 locum,
510 1927 559 1977 quo
568 1928 608 1960 me
618 1912 669 1960 Dea
680 1925 783 1971 texerat,
797 1912 884 1959 inscius
894 1911 972 1959 ambit
981 1927 993 1971 3

247 1989 327 2045 <25Et
344 1991 379 2037 bis
392 2025 399 2049 ,
412 1990 437 2038 lo
448 1990 577 2044 Arethusa.
591 1990 619 2038 Io
630 1990 759 2050 Arethusa,
773 1993 878 2039 vocavit.

297 2066 363 2130 Quid
368 2070 428 2118 mihi
433 2084 489 2119 runc
500 2070 574 2118 animi
585 2069 675 2119 miserae
682 2068 727 2119 fuit
734 2071 743 2118 i
751 2084 811 2119 anne
819 2065 885 2135 quod
894 2084 959 2133 agne
967 2067 1010 2128 cst,

298 2148 323 2196 Si
337 2164 384 2212 qua
393 2147 462 2212 lupos
472 2145 540 2198 audit
548 2150 638 2197 circum
650 2146 739 2197 stabula
749 2148 797 2197 alta
808 2148 934 2196 frementes
945 2150 953 2195 Ξ

298 2226 346 2274 Aut
364 2225 456 2291 lepori,
468 2229 509 2292 qui
518 2243 589 2291 vepre
603 2227 678 2276 latens
689 2226 783 2275 hostilia
794 2226 871 2275 cernit

299 2304 348 2353 Ora
364 2320 465 2364 canum,
480 2304 608 2369 nullosque
618 2301 690 2353 audet
705 2303 761 2353 dare
773 2318 871 2368 corpore
883 2304 978 2350 motusl

249 2381 356 2433 ⁶30N0n
375 2396 455 2429 tamen
465 2380 584 2431 abscedite
594 2398 671 2446 neque
682 2385 745 2429 enim
756 2382 852 2445 vestigia
861 2382 938 2429 cernit

298 2458 404 2523 Longirls
424 2457 474 2507 ulla
487 2456 591 2522 pedum:
605 2460 681 2507 servet
692 2460 827 2524 nubemque
838 2457 979 2524 locumque.

299 2538 407 2601 Occupat
422 2533 526 2585 obsessos
543 2532 614 2585 sudor
631 2538 691 2584 milri
706 2534 807 2601 frigidus
822 2550 905 2597 artus,

298 2614 459 2680 Caruleapuc
473 2612 562 2663 cadunt
577 2628 631 2664 toto
642 2612 672 2663 de
682 2631 782 2679 corpore
793 2630 875 2680 gutte.

299 2694 401 2758 Quique
419 2690 504 2757 pedem
514 2696 582 2742 moni
594 2728 602 2753 ,
616 2709 697 2751 manat
712 2692 776 2744 lacus
789 2712 796 2753 3
809 2710 869 2760 eque
879 2690 970 2759 capillis

249 2781 278 2831 ες
286 2774 347 2831 5Ros
356 2769 420 2821 cadit
432 2790 438 2820 s
450 2774 476 2820 &
490 2771 575 2831 cititls,
587 2771 661 2837 quim
672 2788 735 2821 nunc
746 2772 790 2822 tibi
799 2771 859 2821 fana
869 2786 980 2829 renarro,

300 2850 328 2899 ln
342 2850 437 2899 laticem
449 2865 530 2899 mutor
541 2868 548 2898 e
561 2847 601 2899 scd
614 2854 678 2899 enim
692 2852 816 2915 cognoscit
826 2864 915 2898 amatas

300 2929 383 2977 Amnis
404 2944 491 2993 aquas,
509 2931 635 2994 positoque
645 2931 705 2982 viri.
716 2925 781 2992 quod
794 2928 921 2983 sumserat,
939 2942 997 2986 ore,

300 3006 407 3053 Vertitur
423 3008 582 3070 inpropriae,
600 3020 628 3056 ut
639 3006 661 3053 se
677 3008 737 3053 mihi
750 3006 860 3062 misceat,
878 3000 962 3052 undas.

301 3082 371 3133 Delia
384 3087 476 3148 rumpit
488 3087 590 3133 humum
603 3102 609 3130 r
620 3086 742 3147 cecisego
754 3082 828 3131 mersa
839 3083 946 3129 cavernis

254 3160 413 3219 saosdvehor
427 3162 554 3227 Ortygiam
563 3182 569 3211 ε
577 3176 631 3228 qua
643 3178 696 3221 me,
709 3161 850 3225 cognomine
861 3159 929 3208 Divae

303 3239 376 3289 Grata
391 3258 450 3291 ωτι
463 3242 556 3307 superas
569 3238 652 3292 eduxit
663 3242 740 3307 prinas
750 3240 792 3289 sub
803 3254 878 3289 auras.
