2334 4150
246 534 677 604 Marrnonrnorron
696 539 734 606 L.
753 541 797 608 V.
827 560 886 632 ¹¹5

169 656 340 720 Artoniraeque
353 651 396 703 diu
405 654 491 703 cimilia
503 655 550 706 suit
562 672 653 723 :utque
665 657 751 708 dolore
897 671 943 716 510

170 734 244 782 Pulsa
256 735 323 797 gravi
339 735 415 796 gravis
430 733 463 781 est
475 737 597 793 amentia,
610 737 716 785 curribus
728 753 799 786 aurae

170 811 266 860 Exitio
277 813 389 858 aethereas
401 812 450 858 :ibi
460 825 515 860 toto
524 812 607 860 nubila
621 813 690 864 vultu

171 893 237 937 Ante
249 888 336 936 iovem
355 891 427 952 passis
443 888 505 939 stetit
519 888 635 940 invidiosa
649 891 749 956 capillis.

172 966 270 1032 Proque
287 981 344 1014 meu
361 969 417 1014 veni
431 966 529 1031 suppiex
545 969 605 1028 tibi,
625 970 750 1035 iuppiter,
766 971 860 1036 inquit,

173 1045 295 1108 Sanguine
306 1077 316 1109 ,
328 1059 419 1109 proque
432 1058 483 1094 tuo.
498 1047 523 1094 Si
534 1046 601 1096 nulia
611 1048 643 1096 cst
654 1051 727 1112 gratia
737 1053 835 1110 marris,
899 1063 941 1109 515

173 1119 241 1169 Nata
254 1135 348 1185 partem
362 1137 473 1172 moveat:
483 1138 529 1173 neu
540 1126 571 1173 sir
582 1125 626 1172 ribi
637 1141 705 1186 cura,
722 1143 862 1192 precamur,

173 1197 256 1246 Vilior
265 1198 351 1259 iilius,
368 1198 436 1265 quod
453 1201 533 1250 nostro
550 1202 583 1251 est
595 1201 661 1252 edita
674 1219 751 1270 partu.

173 1275 213 1324 En
233 1279 331 1341 quatita
348 1275 390 1326 diu
409 1276 506 1328 tandem
518 1282 577 1328 mihi
595 1296 650 1332 nata
667 1297 759 1348 reperta
777 1285 826 1345 esta

174 1356 199 1402 si
219 1358 422 1420 reperiremus,
441 1360 551 1406 amittere
564 1358 670 1418 certiris3
685 1375 727 1410 aut
742 1364 761 1410 si

174 1433 240 1480 Scire
255 1433 296 1481 ubi
313 1437 364 1494 sir,
383 1438 484 1498 reperire
494 1451 575 1485 vocas.
587 1436 661 1497 Quod
671 1453 752 1504 rapta,
767 1439 881 1498 feremus3
897 1447 942 1492 5²0

174 1507 322 1560 Dummodo
331 1510 416 1561 reddat
425 1529 479 1562 eam
491 1532 497 1561 t
509 1530 586 1582 neque
599 1519 663 1566 enirn
670 1515 781 1580 predone
790 1523 879 1568 marim

174 1587 237 1636 Filia
255 1586 329 1653 digna
343 1591 443 1648 tuaest,
459 1594 479 1639 si
491 1596 542 1656 jam
556 1609 610 1641 mea
621 1592 671 1642 iiiia
684 1592 756 1660 digna
770 1595 810 1643 est.

174 1665 284 1730 Juppiter
294 1670 403 1731 excepit3
414 1667 557 1719 Commune
568 1671 602 1718 est
611 1674 696 1735 pignus
709 1687 817 1738 onusque

175 1743 240 1792 Nata
249 1746 311 1794 mihi
323 1760 403 1796 recum
414 1763 421 1794 r
433 1744 490 1804 sed,
502 1750 522 1795 si
532 1745 608 1797 modi)
620 1750 719 1798 uomina
733 1749 802 1798 rebus

174 1820 271 1871 Addere
280 1839 335 1871 vera
346 1823 442 1887 placet,
454 1839 503 1872 nou
514 1826 560 1875 hoc
576 1826 662 1888 injuria
674 1825 778 1886 facium,
898 1833 939 1882 με

174 1898 268 1947 i'crrirn
279 1916 347 1948 arnor
356 1899 488 1968 esttneque
498 1904 544 1950 erit
554 1889 623 1950 nobis
635 1919 706 1968 gener
718 1902 759 1952 ilie
772 1902 858 1970 pudori
870 1923 875 1952 ε

176 1977 215 2025 Tu
226 1975 316 2033 rmdd,
327 1978 404 2037 Dira,
418 1977 486 2027 velis·
501 1979 536 2028 Ut
543 1977 621 2028 derint
631 1995 722 2040 cetera,
735 1995 850 2048 quantum
862 1981 894 2030 rii

174 2052 230 2104 Effe
251 2055 316 2105 iovis
325 2055 441 2106 fratrem!
458 2053 533 2123 quid?
545 2054 613 2123 quod
624 2073 667 2108 nec
683 2073 760 2107 cetera
771 2055 855 2108 desunt
867 2077 874 2117 i

175 2132 228 2183 Nec
246 2132 311 2183 cedit
325 2137 369 2183 nisi
381 2136 444 2185 sorte
456 2138 533 2185 mibi?
549 2134 596 2184 Sed
605 2150 670 2185 tanta
682 2134 771 2201 cupido

104 2202 119 2219 ⁸
176 2213 201 2263 Si
211 2212 256 2261 tibi
269 2209 362 2261 discidii
374 2247 381 2272 ,
394 2228 486 2277 repetat
496 2214 635 2277 Proserpina
645 2214 752 2277 crriump
897 2229 942 2276 530

116 2340 125 2355 ,
176 2290 241 2354 Lege
254 2304 335 2339 tamen
344 2289 410 2339 certi
421 2325 430 2350 ‚
442 2294 462 2339 ri
472 2290 552 2340 nullut
566 2292 670 2355 contigit
678 2290 729 2344 iilic

173 2368 226 2417 Ore
236 2369 303 2419 cibos
314 2387 321 2417 r
331 2384 388 2419 nam
399 2372 433 2419 sic
443 2370 571 2421 Parcarum
582 2366 673 2419 fudere
683 2384 779 2419 cautum
791 2370 832 2423 est.

208 2526 312 2582 Dixerat
322 2545 328 2576 r
340 2544 365 2579 ar
373 2527 457 2579 Cereri
467 2543 560 2582 certum
568 2528 601 2577 eii
611 2528 710 2585 educere
720 2544 810 2579 natam.

176 2607 236 2657 Nun
249 2608 284 2654 ita
293 2605 341 2654 sara
350 2610 446 2666 sinunt,
458 2610 572 2672 quoniam
582 2610 670 2671 jejunia
681 2612 749 2671 virgo

177 2685 286 2735 Solverat
299 2703 304 2731 :
316 2689 355 2744 dc,
368 2684 439 2733 cultis
449 2683 507 2734 dum
519 2684 619 2749 simplex
627 2700 688 2733 errat
700 2689 724 2733 in
736 2687 828 2744 horris,
896 2700 939 2744 535

176 2765 308 2812 Puniceum
322 2761 394 2811 curvi
406 2760 553 2826 decerpserat
563 2764 646 2810 arbore
658 2776 774 2825 primumi

176 2845 307 2907 Sumtaqne
317 2840 417 2905 pallenti
433 2843 524 2905 septem
535 2839 564 2887 de
576 2842 666 2889 cortice
674 2854 746 2905 grana

83 2930 87 2933 ’
178 2918 295 2970 Presserat
306 2936 348 2967 ore
360 2921 412 2967 suo.
430 2919 546 2985 Solusque
560 2934 588 2967 er
598 2918 708 2968 omnibus
720 2916 781 2966 iliud

176 2996 278 3048 Viderat
289 2996 430 3061 Ascalaphus
441 3015 447 3044 ε
460 2986 532 3060 quern
544 2994 666 3059 quondam
678 2994 765 3047 dicitur
773 2995 870 3061 Orphne
883 3030 891 3055 ‚

178 3074 243 3127 Inter
256 3074 382 3122 Avernales
391 3072 455 3123 haud
468 3077 617 3138 ignotissima
628 3074 764 3139 Nymphas,
894 3083 940 3131 540

177 3153 213 3203 Ex
229 3154 362 3201 Acheronte
372 3152 415 3200 suo
426 3151 499 3200 furvis
509 3150 621 3217 peperisse
634 3154 674 3199 snb
687 3155 769 3200 antris.

178 3228 264 3289 vidit,
276 3233 299 3280 ὃ(
312 3226 405 3285 iudicio
412 3227 516 3285 reditum
528 3230 629 3287 crudelis
641 3226 741 3286 ademit,
768 3240 772 3247 '
