2334 4150
264 501 334 562 260
406 491 449 564 P.
474 497 628 564 Ovrnrr
645 495 863 566 NAtonrr.

263 613 328 664 Tum
346 614 407 666 lelio
422 618 576 678 incumbens,
593 617 651 668 lietu
664 621 733 685 super
742 636 786 671 ora
795 619 896 674 refuso,

262 691 320 741 Haec
332 695 374 742 ait.
390 695 501 758 Agnoscis
514 694 611 758 Ciyca.
629 699 762 746 miserrima
774 700 878 762 coniux?

262 767 299 818 An
310 787 363 820 mea
371 785 461 822 mutata
471 772 503 820 eli
514 772 584 822 faciet
594 777 668 823 nece?
678 775 777 838 Respice
788 791 795 821 e
806 775 910 832 nosces,

215 846 431 912 ttolnvcniesque,
453 863 496 898 tuo
510 865 554 914 pro
565 854 684 916 conjuge,
695 854 806 916 conjugit
821 852 947 898 umbram.

264 923 306 972 Nil
320 927 371 988 opis
382 957 390 978 .
406 924 550 988 Halcyone,
563 928 633 976 noble
643 942 684 977 tua
694 941 752 977 vota
761 928 885 976 tulerunt:

263 999 401 1050 occidimus
413 1021 419 1050 ε
432 1002 496 1054 false
506 1006 550 1054 tibi
560 1023 600 1054 mc
611 1009 749 1069 promittere
759 1005 820 1055 noli.

263 1078 365 1128 Nubilus
384 1081 410 1129 Ε
414 1097 465 1146 gaen
482 1081 608 1146 deprendit
623 1086 649 1132 in
661 1099 756 1148 aequote
765 1085 849 1131 navim

263 1155 358 1217 Auster,
377 1161 402 1207 bt
415 1161 505 1223 ingenti
514 1161 625 1220 jaliatarn
635 1158 733 1209 flamirre
743 1159 832 1218 solvic3

214 1233 356 1298 6650raque
372 1235 463 1294 nostra,
476 1251 543 1284 tuum
560 1236 689 1285 clamantia
701 1252 813 1295 nomen,

264 1311 397 1376 implerunt
412 1311 502 1362 liutius.
516 1312 572 1361 Non
583 1316 635 1362 haec
645 1315 690 1362 tibi
701 1315 800 1363 nunciat
811 1314 895 1362 autior

264 1388 396 1452 Ambiguus
406 1407 415 1437 a
426 1405 476 1437 non
492 1389 533 1438 ista
546 1393 612 1454 vagit
631 1391 766 1443 rumoribus
778 1388 845 1439 audie
857 1408 864 1438 a

264 1464 316 1530 lpse
326 1481 371 1530 ego
381 1465 430 1516 fata
440 1467 484 1516 tibi
497 1468 595 1532 praeleua
613 1472 670 1516 meai
676 1467 803 1531 naufragus
813 1465 874 1515 edo.

267 1546 354 1608 Surge.
364 1560 408 1610 age
419 1562 425 1593 t
438 1543 469 1594 da
481 1543 614 1607 lacrymae,
625 1544 780 1610 lugubriaque
790 1542 863 1593 indue
871 1561 878 1593 a
885 1560 933 1594 nec
942 1561 985 1594 mc

219 1619 447 1686 c7olncleploratum
456 1623 498 1672 iub
508 1625 589 1673 inania
602 1623 702 1672 Tartara
712 1625 791 1672 uncte.

268 1698 358 1765 Adjicit
368 1701 404 1748 hit
414 1715 500 1750 vocem
514 1700 645 1766 Morpheus
653 1731 663 1761 ,
677 1716 751 1766 quam
765 1702 876 1766 conjugis
890 1700 936 1750 illa

269 1775 384 1826 Crederet
398 1774 444 1825 else
456 1779 499 1825 sui.
511 1777 590 1826 Fletus
600 1793 697 1842 quoque
707 1775 806 1826 fundere
814 1793 885 1827 veros

196 1860 198 1866 ’
269 1854 338 1902 Visus
354 1869 404 1902 erat
416 1872 422 1902 ι
434 1853 572 1918 gestumque
582 1869 666 1912 manua
684 1853 771 1916 Ciycie
780 1854 910 1904 habebant.

269 1931 372 1996 ingemit
387 1931 510 1993 Halcyone
521 1929 670 1993 lacrymant,
685 1946 809 1996 metatque
820 1931 925 1981 lacertos

222 2010 313 2070 675l‘er
324 2011 435 2058 somnum
446 2025 451 2057 ι
465 2024 597 2074 corpusque
608 2023 706 2073 petent,
719 2009 869 2074 amplciiitur
880 2025 971 2068 auras}

269 2089 459 2155 Eademque,
472 2087 545 2137 Mane
558 2106 563 2137 :
576 2086 626 2153 qud
636 2090 744 2153 terapiai
758 2089 846 2136 ibimus
857 2085 917 2136 unci.

270 2166 338 2217 Voce
348 2169 383 2215 sui
394 2170 516 2232 specieque
525 2169 571 2217 viri
582 2166 694 2221 turbata,
706 2168 816 2231 soporem

269 2244 379 2295 Excutit:
391 2249 415 2293 bt
426 2242 520 2309 pdmb,
536 2246 555 2293 ti
563 2246 609 2304 tit,
622 2245 784 2308 circumspicit
792 2243 860 2299 illic.

272 2322 319 2382 Qui
329 2320 405 2371 modo
415 2324 478 2371 visus
488 2337 549 2372 erat:
559 2338 614 2371 narn
622 2356 632 2376 ‚
644 2324 790 2381 motivoce,
801 2322 902 2371 ministri

224 2396 404 2449 tloinculerant
419 2399 509 2447 lumen.
522 2399 576 2447 Post
586 2399 661 2463 quim
670 2415 720 2448 non
730 2402 821 2449 invenit
830 2416 953 2465 usquam,

271 2478 376 2525 Pcrcutit
386 2492 427 2524 ora
437 2491 523 2523 rnanu:
535 2476 655 2541 laniatque
667 2492 680 2524 a
691 2479 784 2540 pectore
794 2477 866 2527 vestes
876 2512 885 2538 ‚

271 2554 414 2618 Pectoraque
425 2554 474 2619 ipsa
491 2552 545 2601 ferit
557 2570 562 2600 ι
575 2568 619 2601 nec
630 2555 719 2601 crinem
730 2553 820 2603 solvere
830 2569 898 2604 curat
909 2571 919 2615 ς

272 2629 378 2679 Scinditr
391 2634 416 2678 bt
428 2628 519 2688 altrici,
532 2644 584 2695 que
596 2629 670 2679 luciis
682 2632 768 2689 causa,
782 2635 895 2695 rogan1i3

273 2708 347 2759 Nulla
359 2708 391 2757 est
402 2706 525 2769 Halcyone
536 2726 542 2757 a
554 2708 622 2757 nulla
632 2709 681 2765 est,
692 2711 726 2757 ait
736 2726 744 2756 e
756 2706 848 2757 occidit
858 2707 907 2758 und

225 2782 339 2845 685Cum
349 2784 429 2849 Ciycc
440 2786 491 2834 suo.
500 2784 608 2848 Solantia
617 2785 696 2835 toilite
704 2787 792 2856 verbac

275 2862 409 2928 Naufragus
420 2865 518 2913 interiit.
531 2860 604 2922 Vidi,
618 2865 752 2928 agnovique
763 2879 772 2919 3
789 2877 924 2927 manusque

274 2940 312 2991 Au
328 2939 504 3000 discedentem,
518 2942 739 3003 cupiencrctinere,
756 2937 856 2988 tetendi.
906 2947 910 2951 “

274 3019 365 3069 Umbra
376 3018 437 3083 fugit
447 3034 454 3065 a
466 3015 506 3065 sed
517 3021 542 3066 δι
554 3018 638 3065 umbra
647 3031 729 3067 tamen
735 3016 858 3066 m'anifeiia
867 3019 963 3083 virique

206 3147 209 3153 ,
275 3098 338 3145 Vcrn
348 3098 403 3145 mei.
416 3095 473 3143 Non
482 3094 523 3142 ille
534 3092 649 3159 quidem,
667 3097 687 3142 si
697 3096 796 3159 queris,
811 3094 915 3143 habebat

229 3172 384 3232 690A'lluctot
399 3172 479 3223 vultus
490 3190 496 3221 ι
508 3187 551 3221 nec
558 3204 567 3233 ,
582 3188 631 3240 quo
640 3175 771 3237 priuaocc,
780 3172 881 3221 nitebat.
