2334 4150
146 615 149 619 ι
190 533 617 602 Μιτιιιιοιιιιιοιεοιι
630 496 785 609 LXiil.
810 537 882 629 ιε]

172 652 276 704 Lumina
288 673 294 702 t
307 653 317 721 )
330 657 384 720 quis
397 669 485 720 magno
495 653 580 703 melitis
590 651 703 705 succedat
713 653 802 702 Achilli
813 689 826 714 ,

171 730 253 790 Quam
270 749 393 798 perquem
404 748 504 797 magnus
516 732 608 782 Danais
617 733 729 781 successit
739 732 842 780 Achilles
854 736 863 781 i
942 757 944 759 >

169 808 232 857 Huic
243 809 318 862 modi
329 827 359 858 ne
368 813 453 875 prosit,
466 809 543 877 quod,
556 826 582 862 ut
593 810 635 869 eir,
645 811 718 864 hebes
727 806 774 859 effe
783 808 900 859 viderunt
908 824 934 874 35

170 887 237 938 Neve
252 891 314 937 mihi
325 904 427 948 noceat,
440 886 508 955 quud
518 890 588 938 vobis
598 890 706 952 semper,
719 886 822 947 Achivi,

170 965 264 1016 Profuit
272 969 410 1031 ingenium:
419 981 520 1031 meaque
529 967 579 1014 haec
592 963 721 1025 facundia,
731 967 751 1013 ri
765 981 813 1030 qua
825 963 877 1023 est,

170 1040 230 1101 Quae
240 1057 303 1091 nunc
314 1057 357 1105 pro
368 1038 487 1094 domino,
505 1056 549 1103 pro
558 1042 627 1094 vobis
638 1041 697 1106 sape
709 1039 790 1090 locuta
802 1039 855 1100 est,

168 1116 262 1167 invidit
280 1133 357 1168 careat
369 1137 374 1165 ι
388 1120 451 1168 bona
461 1134 505 1166 nec
516 1119 557 1170 sua
568 1121 668 1186 quisque
679 1120 780 1169 recuset.
800 1116 803 1121 ’
876 1110 878 1114 ’

166 1195 233 1246 Nam
249 1211 341 1260 genus,
357 1199 382 1246 it
393 1211 511 1260 proavos,
527 1199 552 1246 &
563 1211 616 1263 quae
626 1212 677 1246 nou
688 1196 789 1250 fecimus
802 1199 868 1262 ipsi,
889 1216 934 1261 ¹40

169 1272 216 1329 ¹Vir
236 1289 263 1322 ea
273 1274 352 1326 nostra
361 1291 434 1330 voco.
446 1272 492 1322 Sed
503 1276 566 1327 eninr
577 1277 651 1341 ‚quia
660 1274 742 1326 retulit
752 1277 811 1341 Ajar

167 1346 223 1398 Effe
233 1349 297 1401 Jovis
308 1368 426 1415 pronepos
438 1385 445 1410 ,
457 1351 530 1403 nostri
541 1368 636 1422 quoque
647 1354 766 1416 sanguinis
776 1356 856 1403 aanor

95 1481 100 1498 .
167 1427 277 1492 iuppiter
290 1429 341 1486 est·,
358 1426 508 1493 totidemque
519 1428 604 1492 gradus
615 1428 728 1478 distamus
743 1432 772 1480 ab
783 1431 837 1480 ilio.

91 1513 92 1530 ¹
167 1505 235 1554 Nam
247 1507 308 1552 mihi
322 1504 416 1553 Lairtes
426 1519 491 1569 pater
503 1508 550 1564 est,
562 1507 669 1554 Arcesius
685 1507 740 1566 illi,

167 1581 277 1646 iuppiter
287 1583 417 1648 huictneq3
428 1586 454 1631 in
462 1585 497 1630 hir
508 1586 634 1648 quisquam
641 1581 766 1633 damnatus
777 1589 801 1634 δι
812 1586 933 1652 eriul.r45

167 1659 209 1707 Est
225 1673 321 1724 quoque
336 1673 377 1724 per
389 1673 491 1708 matrem
499 1659 626 1723 Cyllenius
637 1659 720 1714 addita
729 1665 798 1713 nobis

167 1738 251 1787 Altera
260 1738 374 1787 nobilitas
383 1755 390 1786 r
398 1737 463 1786 Deus
475 1739 543 1789 estin
555 1754 657 1805 utroque
668 1756 772 1804 parente.

169 1813 216 1864 Sed
231 1825 312 1880 ‘neque
323 1831 433 1866 materno
443 1813 510 1882 quod
521 1818 573 1864 sum
584 1822 722 1882 generosior
731 1834 806 1879 ortu,

168 1891 223 1941 Nec
237 1895 297 1941 mihi
309 1927 318 1951 ,
331 1892 397 1958 quod
405 1907 471 1958 parer
479 1893 511 1943 est
522 1893 620 1944 fraterni
628 1897 747 1960 sanguinis
758 1899 854 1956 insons,

168 1969 295 2034 Proposita
309 1985 374 2019 arma
386 1975 442 2034 peto'
454 1989 460 2018 e
473 1973 563 2018 meritis
581 1970 707 2036 expendite
718 1977 823 2024 causam.
892 1989 936 2031 150

167 2045 313 2098 Dummodo
325 2046 391 2113 quod
402 2047 486 2101 fratrer
500 2047 621 2099 Telamon
632 2049 762 2115 Peleusque
773 2051 887 2107 fuerunt,

168 2128 248 2193 Ajacis
259 2126 372 2174 meritum
388 2142 437 2174 non
453 2128 500 2173 sit:
511 2142 556 2174 nec
567 2127 687 2190 sanguinis
696 2126 774 2190 ordo,

170 2202 216 2261 Sed
225 2208 319 2253 virtutis
330 2206 407 2251 honos
416 2202 497 2267 spoliis
508 2219 627 2268 quaeratur
636 2208 662 2253 in
673 2206 731 2255 istit.

169 2280 219 2330 Aut
234 2284 253 2329 si
265 2284 404 2346 proximitas
416 2315 424 2339 ‚
441 2284 578 2347 primusque
591 2285 718 2347 requiritur
728 2285 814 2346 heresa
884 2281 897 2289 “

168 2358 321 2423 Est'genitor
338 2358 435 2413 Peleus,
447 2359 479 2407 est
488 2360 591 2421 Pyrrhus
601 2360 664 2410 iilius
676 2361 723 2413 iili.
780 2410 785 2417 ,
890 2370 899 2401 ¹
907 2370 931 2416 55

169 2434 229 2496 Quis
245 2436 310 2485 locus
330 2438 410 2500 Ajaci?
423 2438 534 2489 Phthiam
546 2440 666 2501 Suyronve
679 2440 794 2493 ferantur·

169 2514 223 2563 Nec
237 2514 315 2564 rnintis
325 2516 358 2563 est
371 2515 415 2563 iiio
428 2515 520 2565 Teucer
531 2517 644 2579 patruelis
655 2519 754 2571 Achilli.

170 2590 238 2641 Num
249 2594 310 2655 petit
323 2590 365 2639 iile
376 2595 473 2639 tamen?
484 2606 542 2639 num
556 2593 651 2655 sperat,
664 2610 692 2645 ut
703 2597 796 2650 aufferat
805 2601 885 2648 arma?

169 2668 235 2732 Ergo
251 2682 351 2731 operum
365 2670 479 2733 quoniam
488 2666 580 2717 nudum
592 2685 712 2719 certamen
720 2673 836 2732 habetur3

169 2746 242 2795 Plura
256 2741 354 2809 quidem
365 2742 428 2803 feci,
440 2744 514 2809 qudm
525 2762 577 2810 quae
589 2747 758 2812 comprendere
769 2748 836 2801 diuis
888 2753 934 2790 ¹⁶0

168 2824 198 2875 ln
208 2837 307 2887 promtu
326 2823 385 2870 mihi
398 2824 427 2869 sit
439 2840 445 2869 :
458 2832 536 2877 rerunt
547 2836 627 2873 tamen
638 2824 722 2875 ordine
734 2824 817 2879 ducar.
880 2862 883 2867 -

203 2902 303 2950 Praescia
316 2903 410 2951 venturi
425 2902 526 2963 genitrix
543 2901 631 2952 Nereia
648 2903 691 2953 leti

170 2978 314 3029 Dissimuiat
324 2977 391 3027 cultu
402 2991 500 3027 natum:
513 2977 637 3045 deceperat
646 2998 749 3043 ornnes,

170 3058 199 3107 In
218 3058 304 3123 quibus
322 3058 433 3122 Ajacem,
446 3057 528 3123 sumta:
540 3057 635 3107 fallacia
644 3060 722 3111 restis.

172 3135 244 3183 Arma
257 3151 301 3199 ego
312 3135 440 3190 femineis,
455 3138 563 3185 animum
574 3152 670 3187 motura
677 3136 787 3195 virilem,
889 3145 931 3199 165

173 3212 292 3263 Mercibus
303 3215 403 3265 inserui:
414 3230 491 3281 neque
504 3211 581 3265 adhuc
591 3218 722 3281 projecerat
732 3216 802 3266 heros
