2334 4150
276 508 703 576 Mururtortrrrostou
724 501 762 570 L.
784 505 813 571 Ι.
853 526 892 591 15

176 632 252 679 Mota
267 630 323 677 Dea
341 628 389 685 est,
401 628 535 690 sortemque
546 622 630 673 dedit:
640 620 763 671 Discedire
772 624 881 688 tempio,

177 707 208 757 Et
225 707 409 769 relatecapu13
424 707 557 769 cinctasque
570 702 683 751 resolvite
695 701 785 758 vesses3

176 784 284 851 Ossaque
296 785 350 850 post
360 798 453 847 tergum
468 797 559 845 magriae
569 783 652 845 jactate
662 780 776 827 Parentis.

177 866 327 929 Obstupuere
346 859 406 911 diue
419 862 555 924 rumpitque
565 856 659 907 silentia
673 872 734 906 voce

177 945 267 1006 Pyrrha
284 944 368 1007 prior,
385 942 500 1004 justisque
515 936 574 985 Deae
588 933 783 1000 perdrerecusate
902 928 943 990 385

177 1022 275 1088 Derque
298 1021 343 1069 sibi
358 1020 467 1076 veniam,
487 1014 575 1081 pavido
592 1029 662 1078 rogat
678 1029 720 1061 ore
734 1030 741 1062 z
754 1024 871 1077 pavetque

178 1098 376 1165 Laederejastatis
394 1109 511 1145 maternas
525 1096 618 1143 ossibus
629 1093 733 1142 umbras.

178 1178 274 1228 Interea
283 1190 395 1241 repetunt
405 1178 472 1223 cecis
481 1174 582 1222 obseura
592 1172 690 1221 latebris

177 1256 259 1305 Verba
273 1254 336 1305 datae
354 1256 423 1303 sortis
435 1255 514 1301 sctum
526 1286 535 1311 ‚
551 1255 614 1301 inter
625 1252 697 1316 seque
709 1249 830 1298 volutent.

179 1331 237 1381 lude
249 1330 415 1382 Promethides
427 1329 528 1396 placidis
536 1327 689 1395 Epimethida
699 1327 768 1378 diuis
900 1346 947 1391 39⁰

180 1411 291 1470 Mulcet;
308 1415 351 1471 &‚
363 1412 412 1459 Aut
424 1408 511 1469 fallax,
525 1412 573 1469 ait,
585 1408 618 1457 est
629 1408 735 1457 sollertia
744 1408 831 1463 dobin

179 1490 228 1539 Aur
237 1493 279 1555 pia
292 1492 364 1548 sunt,
375 1488 517 1553 nullumque
528 1486 595 1535 nefas
605 1485 704 1536 oracula
714 1482 821 1533 suadem.

179 1567 271 1632 Magna
284 1568 369 1617 Parent
381 1581 443 1616 terra
455 1566 488 1615 est
499 1584 505 1613 :
517 1563 608 1629 lapides
620 1567 755 1627 incorpore
766 1575 834 1609 tetre

179 1644 238 1695 Offa
249 1662 303 1695 reor
313 1643 362 1694 dici
370 1664 376 1694 ε
385 1649 460 1710 Jacere
474 1645 518 1692 hos
526 1642 578 1708 post
589 1656 654 1705 terga
664 1641 782 1705 jubemur.

178 1722 300 1788 Conjugis
320 1726 419 1789 augurio
435 1737 582 1789 quamquam
596 1721 694 1768 Titania
708 1731 776 1767 mota
791 1714 838 1775 est,
900 1728 942 1774 395

178 1803 235 1866 Spes
252 1804 369 1850 tamenin
381 1799 455 1849 dubio
466 1800 513 1849 est:
526 1798 587 1849 adeo
598 1798 731 1847 coelestibus
742 1795 814 1845 ambo

178 1876 302 1928 Diffidunr
316 1882 415 1928 monitis
426 1897 432 1926 ι
445 1874 555 1943 sed-quid
566 1892 656 1927 tentare
666 1876 777 1925 nocebiti

179 1954 351 2011 Descendunt,
361 1957 488 2021 velantque
498 1970 569 2022 caput
580 1990 589 2015 ,
601 1957 739 2019 tunicaeque
748 1955 887 2017 recingunte

179 2034 210 2086 Et
224 2032 299 2100 juffos
310 2032 401 2101 lapidet
414 2036 454 2084 sua
469 2035 520 2101 post
533 2034 631 2099 vestigio
641 2036 750 2082 mittunt.

180 2113 239 2162 Saxa
252 2112 261 2179 (
273 2117 326 2178 quis
339 2117 385 2163 hoc
396 2112 494 2172 credat,
508 2115 553 2162 nisi
566 2117 596 2160 sit
609 2128 653 2176 pro
665 2111 720 2159 teste
731 2108 870 2174 vetustati)
897 2109 945 2152 400

180 2191 272 2240 Ponere
289 2190 400 2241 duritiem
413 2209 505 2257 cupere
516 2227 526 2252 ,¹
536 2193 651 2255 suumque
665 2171 787 2252 rigoretu3

180 2268 324 2336 Mollirique
345 2270 428 2331 mord,
444 2269 587 2335 mollitaque
603 2257 690 2320 ducere
706 2265 820 2316 formam.

179 2347 256 2409 Mor,
272 2351 314 2397 ubi
332 2363 474 2408 creverunt,
486 2363 617 2414 naturaque
632 2349 716 2398 mitior
729 2344 779 2393 ulie

180 2426 295 2492 Contigit
308 2461 317 2486 ,
338 2442 366 2476 ut
374 2425 500 2492 quedam,
512 2429 544 2474 tic
556 2441 605 2475 non
618 2423 758 2483 menifestz,
768 2419 845 2472 videri

180 2504 266 2555 Forma
279 2505 356 2570 potest
366 2507 487 2562 hominist
499 2502 539 2552 sed
551 2507 585 2554 uti
596 2502 627 2552 de
635 2517 756 2552 marmore
765 2514 849 2563 ooepto
897 2512 942 2557 4⁰5

179 2583 238 2633 Non
258 2586 337 2633 exusta
353 2585 407 2633 satis
420 2617 429 2642 ,
444 2582 589 2648 rudibusque
602 2580 727 2631 simillima
741 2580 823 2644 signis.

180 2663 240 2722 Quae
252 2677 334 2712 tamen
353 2679 380 2710 ex
395 2662 445 2712 illis
453 2662 534 2728 aliquo
547 2677 599 2725 pare
610 2657 711 2709 humida
720 2663 809 2716 succo,

178 2741 210 2790 Et
229 2757 321 2790 terrena
333 2739 395 2799 fuit,
409 2743 475 2791 verse
488 2741 522 2790 est
531 2743 556 2789 in
573 2741 681 2803 corporis
694 2739 772 2784 usum.

178 2817 253 2878 Quod
264 2817 369 2868 solidum
379 2819 411 2868 est
422 2854 430 2879 ‚
442 2817 550 2885 flectique
561 2821 661 2884 nequit,
674 2829 780 2864 mutetur
790 2816 814 2860 in
829 2810 878 2861 offa
889 2833 894 2860 :

178 2893 254 2957 Quod
272 2895 348 2947 modo
362 2913 422 2947 vena
433 2897 499 2954 fuit,
517 2898 559 2946 iub
575 2893 662 2945 eodem
673 2896 771 2944 nomine
782 2896 877 2942 manti-t.
896 2894 944 2938 4¹0

177 2975 254 3040 inque
266 2975 332 3024 brevi
342 2977 433 3040 sperio,
447 2978 591 3040 Superorum
601 2977 715 3032 numine,
731 2974 786 3022 saxa

176 3051 252 3102 Musa
269 3056 313 3102 viri
333 3055 441 3104 manibus
456 3053 541 3103 ficiem
554 3069 644 3102 traxere
653 3051 766 3101 virilem:

177 3130 209 3180 Et
220 3129 251 3179 de
263 3130 368 3181 femineo
379 3147 485 3197 reparera
500 3133 532 3182 est
545 3132 634 3181 femina
645 3135 715 3196 justu.

176 3207 239 3257 inde
254 3217 328 3273 genui
338 3208 426 3261 durum
439 3213 533 3270 summ,
545 3213 713 3277 experiensque
725 3210 851 3263 lebommr

176 3287 209 3337 Et
220 3285 367 3340 documenta
374 3288 474 3350 demus,
486 3288 534 3358 qud
543 3291 618 3339 simus
628 3292 720 3355 origine
729 3292 790 3340 nati.
894 3305 942 3351 ⁴¹5
