2334 4150
217 519 642 620 Mananontnossou
666 529 705 596 L.
733 528 778 594 Χ.
811 545 874 612 235

168 674 207 724 Sic
220 673 269 720 ait:
281 684 308 716 ac
318 661 403 717 ntediis
414 659 531 710 interserit
545 653 627 706 oscula
638 649 727 702 verbis.

201 817 309 864 forsitan
326 808 425 860 audieris
436 804 541 870 aliquam
552 796 681 850 certamine
689 791 770 842 curst'is
887 793 933 849 560

166 895 190 944 V
193 895 270 944 eloces
282 883 395 954 superaffe
404 888 477 934 vitos.
488 881 546 930 Non
558 874 638 928 fabula
649 888 730 922 rumor

167 972 214 1026 Ille
227 969 273 1019 fuit
286 986 292 1017 t
305 964 428 1030 superabat
439 963 503 1010 enim
515 976 520 1004 =
535 972 578 1007 nec
587 951 664 1002 dicere
675 944 771 1015 polles,

168 1047 251 1100 Laude
263 1044 351 1112 pedum
363 1078 371 1102 ‚
384 1041 499 1090 formaene
511 1036 575 1083 bono
587 1030 732 1097 praestantior
742 1019 824 1073 effeta

150 1189 154 1196 1
167 1129 271 1178 Scitanti
279 1125 343 1173 Deus
356 1122 409 1170 huic
418 1116 447 1167 de
459 1117 576 1180 conjuges
591 1109 703 1173 Coniuge
714 1099 729 1165 ,'
737 1102 798 1153 dixit
810 1135 818 1158 ‚

167 1206 212 1257 Nil
225 1219 284 1269 opus
297 1202 348 1261 est,
362 1196 489 1254 Atalanta,
508 1193 567 1250 tibi,
584 1188 640 1252 fuge
653 1185 761 1248 coniugis
772 1179 849 1228 usum.
886 1191 930 1242 565

167 1283 221 1334 Nec
233 1297 314 1331 tamen
325 1275 437 1344 effugies,
448 1287 517 1338 teque
527 1267 577 1334 ipsi
588 1269 643 1317 viva
653 1263 753 1312 carebis.
976 1259 980 1267 ’

167 1363 264 1412 Territa
274 1361 337 1407 sorte
347 1355 394 1404 Dei
404 1369 445 1418 per
454 1364 538 1415 opacas
548 1345 638 1395 innuba
649 1341 719 1390 silvas

167 1440 253 1496 Vivit,
266 1441 292 1486 δι
302 1433 427 1484 instantem
439 1427 533 1478 turbam
543 1422 649 1474 violenta
657 1429 786 1483 procorum

169 1516 322 1568 Conditione
334 1511 402 1574 fugat
410 1526 417 1556 t
426 1505 538 1556 Nessum
548 1495 682 1566 potiunda,
694 1495 753 1550 nisi,
765 1491 861 1555 inquit,

167 1595 239 1644 Viita
250 1589 313 1657 pritls
325 1588 393 1637 cursu
406 1602 412 1633 t
424 1580 524 1649 pedibus
535 1571 672 1630 contendite
680 1583 784 1619 mecum.
886 1580 934 1630 570

169 1672 271 1721 Praetnia
283 1667 362 1719 veloci
374 1667 461 1728 coniux
473 1657 619 1722 thalamique
630 1649 767 1706 dabuntur,

169 1751 240 1800 Mors
256 1748 360 1812 pretium
372 1738 453 1791 tardis.
467 1737 501 1806 Ea
513 1735 550 1788 lex
562 1730 696 1792 mominis
708 1723 766 1773 esto.

168 1821 215 1876 lits
227 1821 325 1890 quiden‘s
334 1819 434 1872 immitis
447 1808 456 1864 :¹
465 1795 600 1873 sesmaria
611 1801 809 1873 potentiaformae
821 1795 868 1846 est!

169 1903 246 1952 Venit
261 1898 293 1949 ad
302 1902 363 1948 hanc
380 1897 456 1961 legem
469 1893 593 1942 temeraria
604 1886 818 1947 turbaprocorum.

168 1977 268 2028 Sederat
285 1977 445 2040 Hippomenes
455 1967 535 2021 curstis
550 1967 665 2031 spellator
678 1959 770 2023 iniqui3
888 1977 931 2023 575

169 2057 219 2115 Et,
234 2057 324 2105 Petitur
335 2056 446 2119 cuiquam
453 2065 493 2115 per
505 2060 570 2096 tanta
581 2039 685 2107 pericula
692 2039 779 2100 conjux
789 2033 796 2083 i

170 2134 285 2183 Dixerat:
297 2150 323 2181 ac
334 2133 421 2179 nimios
429 2132 542 2193 juvenum
555 2119 679 2171 damnirat
689 2130 790 2163 amores·
849 2170 852 2176 Ι

170 2210 207 2259 Ut
226 2210 330 2268 faciem,
344 2212 368 2257 ἃ
383 2207 463 2271 posito
476 2216 561 2266 corpus
571 2197 689 2249 velamine
700 2190 782 2251 vidit,

171 2287 250 2355 Quale
263 2302 364 2345 meum,
380 2282 419 2335 vel
433 2280 504 2348 quale
517 2293 603 2337 tuum,
621 2279 641 2325 si
655 2274 745 2322 femina
761 2268 823 2337 fiaes

170 2364 299 2429 Obstupuit
311 2380 317 2412 t
330 2362 463 2428 tollensque
475 2373 559 2410 ntauus
568 2370 585 2415 i'
596 2353 729 2419 Ignoscite,
747 2346 822 2406 dixit,
888 2349 937 2414 580

149 2475 151 2477 -
170 2441 239 2501 Quos
253 2439 329 2490 modo
341 2438 435 2504 culpavi
446 2456 453 2487 t
465 2432 574 2485 nondum
585 2434 645 2483 mihi
663 2430 759 2495 praemia
771 2440 842 2484 nota,

170 2519 231 2579 Quae
242 2520 351 2583 peteretis
362 2529 453 2576 ‚erant
461 2508 593 2563 Laudando
604 2510 710 2572 concipit
723 2509 823 2569 ignem·²

170 2596 202 2645 Et
214 2631 222 2656 ,
235 2612 265 2645 ne
277 2598 328 2661 quis
343 2598 456 2659 juvenum
466 2605 543 2640 currat
551 2586 672 2646 velocius,
683 2600 767 2649 optat3

169 2672 310 2739 Invidiique
324 2675 400 2722 timet.
413 2668 459 2719 Sed
471 2684 512 2725 cur
523 2668 657 2719 certaminis
671 2665 740 2727 hujus

171 2752 291 2809 intentata
302 2752 362 2799 ntihi
372 2748 468 2804 fortuna
479 2744 621 2809 relinquitur
632 2745 642 2789 i
652 2743 739 2806 inquit.
889 2740 932 2800 (ὃς
964 2722 969 2731 ’

172 2826 293 2879 Audentes
305 2826 368 2874 Deus
384 2826 432 2889 ipse
444 2828 519 2889 juvat.
528 2822 596 2871 Dum
610 2818 667 2868 talia
677 2820 757 2873 secum

171 2907 253 2971 Exigit
263 2905 439 2970 Hippomenes,
450 2896 515 2964 pailu
525 2898 593 2949 volat
603 2898 659 2952 alite
669 2899 747 2961 virgo.

173 2984 232 3047 Qun
244 2998 389 3050 quamquam
400 2976 511 3041 Scythici
520 2993 569 3027 non
580 2979 654 3032 secius
663 2978 696 3025 ire
706 2972 794 3041 sagittd

174 3063 253 3111 Aonio
261 3061 310 3111 visa
323 3060 356 3107 est
364 3058 444 3123 juveni
455 3092 463 3111 .
477 3071 554 3107 tamen
566 3055 607 3105 ille
617 3052 729 3105 decorem

173 3138 275 3195 Miratur
286 3139 373 3201 magis:
387 3140 410 3185 dt
422 3136 500 3183 cursus
511 3133 569 3182 facit
580 3134 628 3197 ipse
640 3130 753 3186 decorem
770 3112 774 3119 ’
887 3149 936 3203 590

174 3216 240 3275 tua
258 3212 480 3272 retenduntur
492 3210 574 3271 talaria
585 3210 690 3285 planus
