2334 4150
234 497 716 569 murmurmurmur.
740 498 803 571 IX.
831 527 845 568 «ι
854 524 893 596 95

184 617 230 670 lile
245 621 330 670 Jovern
345 621 453 669 socerum
462 618 517 670 dare
527 621 549 670 se
563 651 571 680 ,
588 621 726 687 famamque
737 621 863 679 laborum,

182 697 216 748 Et
231 700 341 764 superata
356 701 404 748 sue
419 700 534 750 referebat
548 699 609 768 juffa
624 717 743 751 novercae.
926 717 952 762 ις

183 773 280 824 Contra
296 789 341 838 ego
353 791 359 822 a
371 771 381 839 (
394 787 462 839 turpe
472 773 553 823 Deum
561 774 661 824 mortali
671 772 756 824 cedere
768 770 843 823 dtrxie
934 807 936 810 -

182 847 302 902 Nondum
315 865 363 900 etat
371 850 413 900 ille
424 851 509 920 Deus)
523 853 613 916 Regem
628 862 667 901 me
687 853 764 901 cernit
774 866 905 917 aquarum,

183 930 301 982 Cursibus
319 929 423 997 obliquis
441 933 503 980 iutra
522 945 562 980 tua
572 946 644 996 regna
655 929 792 981 fluentdmr

183 1005 236 1060 Nec
254 1025 327 1074 gener
337 1011 439 1058 externis
449 1010 533 1074 hospes
544 1010 589 1058 tibi
605 1003 687 1057 miii'us
698 1010 730 1058 ab
745 1011 814 1068 oria,

182 1085 230 1137 Sed
246 1086 437 1151 popularium,
449 1090 475 1136 ει
487 1100 565 1136 rerum
577 1103 630 1152 part
642 1099 689 1136 urta
700 1099 806 1137 tuarum.
925 1095 957 1131 20

183 1163 292 1214 Tantum
305 1175 340 1214 'ue
358 1177 461 1224 noceat,
481 1162 548 1230 quod
567 1181 606 1214 me
623 1177 668 1214 nec
681 1167 745 1230 regia
759 1165 823 1214 June

182 1234 245 1292 Odit
257 1277 265 1302 ,
281 1245 305 1290 bc
317 1245 396 1291 omnir
407 1239 470 1292 abest
479 1239 595 1308 jussorum
605 1258 678 1308 prena
685 1242 807 1292 laborum.
820 1281 825 1285 .

182 1318 248 1370 Nam
266 1317 334 1386 quod
348 1333 371 1368 te
384 1321 454 1384 jarras
470 1319 586 1369 Alcmend
595 1335 672 1369 matre
687 1335 811 1375 creatum,
849 1337 856 1346 ’

182 1397 291 1462 Iuppiter
300 1411 344 1447 aut
355 1395 426 1446 falsus
436 1410 501 1462 pater
509 1389 557 1452 est,
569 1412 610 1446 aur
621 1399 721 1446 crimine
734 1412 812 1446 verus.

183 1473 270 1526 Matris
280 1474 399 1526 adulterio
410 1491 503 1541 patrem
515 1480 575 1542 peris
586 1477 681 1542 selige,
697 1474 780 1525 festum
827 1489 831 1496 ·
927 1479 954 1525 ²5

183 1551 237 1603 Effe
253 1553 439 1613 toreumatis,
456 1569 487 1604 au
503 1568 527 1602 te
542 1569 583 1618 per
597 1551 700 1603 dedecus
715 1567 807 1603 ortum.

184 1631 254 1681 Talia
276 1629 395 1680 dicentem
411 1633 460 1695 jam
479 1627 572 1679 dudum
588 1628 679 1679 lumine
695 1644 767 1680 torvo

184 1710 297 1776 Spebbat,
315 1711 341 1756 bt
361 1707 464 1756 accense
483 1721 532 1754 non
554 1705 650 1756 fortiter
664 1709 834 1772 imperatitaet

184 1786 311 1852 Verbaque
322 1800 359 1835 tot
377 1783 456 1836 reddit
469 1786 577 1836 :Melior
596 1790 658 1836 mihi
673 1786 771 1838 deutera
786 1784 878 1850 lingui.

183 1861 327 1915 Dummodo
342 1861 472 1928 pugnando
484 1866 610 1930 superem,
624 1881 651 1916 tu
664 1869 736 1916 vince
753 1862 886 1931 loquendo.
924 1863 953 1907 3⁰

184 1939 395 2006 Congrediturque
413 1939 489 1989 ferox.
506 1940 595 1991 Puduit
604 1940 681 1992 modb
696 1954 784 2008 magua
794 1942 904 1992 locutum

183 2018 285 2072 Cedere.
303 2020 384 2083 Rejeti
398 2015 546 2068 viridem'de
562 2036 663 2085 corpore
683 2021 789 2079 vestem3
857 2049 861 2054 ι

182 2100 330 2163 Brachiaque
339 2096 455 2161 opposui:
464 2099 577 2161 tenuique
588 2114 602 2146 a
613 2098 706 2162 pedore
716 2111 783 2147 rarat

183 2174 211 2222 In
232 2172 333 2222 statione
343 2186 447 2229 manus,
463 2174 491 2219 br
508 2186 594 2235 pugnae
608 2173 716 2220 membra
731 2174 836 2237 paravi„

183 2250 228 2299 ille
243 2254 309 2301 cavie
321 2250 403 2299 hausto
417 2251 506 2315 spargit
524 2267 563 2300 me
583 2251 683 2316 pulvere
692 2251 798 2316 palmis,
924 2245 949 2288 35

181 2326 258 2393 inque
278 2331 356 2377 vicem
371 2327 444 2385 fulve
458 2332 520 2394 jatiu
532 2327 638 2378 flavescit
650 2341 737 2379 merres
812 2346 815 2350 ·

181 2405 213 2455 Et
234 2404 312 2456 modb
330 2409 447 2455 cervicem
459 2440 467 2466 ‚
485 2406 561 2457 modb
572 2422 646 2457 cruta
656 2409 772 2457 micantia
782 2412 879 2471 capert‚'

181 2485 231 2534 Aut
245 2500 339 2550 captare
349 2499 429 2549 puteat
440 2488 554 2551 omnique
566 2502 579 2533 a
590 2498 657 2549 parte
670 2485 772 2535 lacessit.
835 2496 851 2536 ’,

181 2564 224 2614 Me
241 2580 295 2613 mea
312 2561 420 2613 defendit
430 2566 552 2629 gravitas,
566 2564 816 2629 frustraque'petebar.

182 2642 255 2693 Haud
270 2645 334 2693 secus
345 2660 372 2691 ac
381 2644 475 2704 molet,
486 2658 558 2709 quarn
567 2657 656 2708 magno
667 2649 790 2692 murmure
800 2638 884 2691 fluitur
918 2659 950 2701 4⁰

182 2722 329 2787 oppugnant
340 2742 346 2773 ε
358 2716 439 2774 manet
447 2724 506 2784 illa,
519 2724 609 2791 suoque
620 2724 653 2772 est
662 2720 767 2787 pondere
778 2736 831 2771 tuta

180 2798 337 2865 Digredimur
347 2802 445 2865 paulum
457 2820 464 2850 ε
476 2801 616 2867 rursumque
627 2796 657 2849 ad
668 2796 852 2858 bellatorum,

181 2873 257 2942 inque
268 2874 343 2941 gradu
360 2877 481 2937 stetimus,
497 2880 556 2926 certi
570 2892 620 2926 nou
635 2874 719 2926 tedere
730 2893 739 2934 ς
752 2889 850 2943 eratque
886 2878 891 2888 '

180 2952 248 3004 Cum
267 2952 329 3019 pede
345 2972 386 3020 pes
400 2958 490 3019 turdus
502 2974 508 3004 t
521 2954 622 3022 tbtoque
631 2971 676 3020 ego
687 2953 783 3022 pectore
793 2974 881 3022 pronus

178 3028 212 3083 Et
231 3028 321 3095 digitos
338 3029 434 3097 digitis,
450 3035 475 3081 bt
489 3032 594 3081 frontem
605 3031 686 3081 ftoure
700 3033 847 3098 premebam.
916 3053 943 3098 45

179 3106 236 3157 Non
246 3108 316 3157 aliter
330 3108 404 3159 forres
416 3106 468 3160 vidi
484 3122 624 3159 concurrere
642 3125 738 3169 taurea.
784 3121 787 3125 '

177 3179 362 3248 Cumpretium
372 3196 472 3249 pugne,
493 3195 546 3233 teto
563 3180 706 3234 uiridittima
720 3184 798 3240 saltu,
812 3196 817 3204 ’

753 3262 797 3327 lit
