2334 4150
287 533 357 600 242
432 512 866 580 P.Ovrn11NAsours

286 632 396 698 Excipis3
418 637 456 692 dc,
473 634 576 682 mirum!
593 631 675 683 medio
689 631 748 682 dum
760 631 848 682 labitur
857 647 946 694 amne,

285 711 377 760 Flebile
390 713 468 760 nescio
478 708 536 775 quid
546 714 652 775 queritur
661 709 734 772 lyra,
745 708 826 758 flebile
836 710 920 774 lingua

285 788 421 838 Murmutat
431 789 543 836 exanimis
556 803 563 834 e
574 783 718 851 respondent
727 784 807 835 flebile
821 789 889 850 tipae.

284 867 383 930 Jamque
394 855 457 913 mare
471 865 567 914 invesic
583 861 675 912 flumen
684 861 798 928 populate
807 862 969 929 relinquent,

237 951 264 998 55
283 943 314 992 Et
324 943 490 1003 Methymno:
506 942 631 1006 potiuntur
642 939 712 989 litore
720 940 806 989 Lesbi.'

281 1017 328 1066 iiic
338 1015 399 1064 serus
410 1017 544 1080 expositum
554 1015 683 1080 peregrinis
691 1017 775 1079 augule
785 1015 861 1064 aronis

280 1093 314 1142 Os
327 1095 401 1158 petit,
415 1096 440 1141 dc
452 1093 541 1157 sparsos
550 1091 649 1141 stillanti
660 1107 714 1140 tore
722 1091 831 1156 capillos.

279 1167 389 1219 Tandem
404 1169 507 1218 Pboebus
523 1165 604 1227 adest,
621 1169 762 1233 morsusque
771 1168 860 1218 inferre
871 1183 998 1233 parantem

277 1249 358 1297 Arcete
368 1250 392 1296 bt
405 1249 432 1294 iu
447 1242 551 1309 lapidem
559 1245 628 1316 ricius
636 1245 748 1308 serpentis
757 1260 853 1308 apertos

229 1325 259 1364 ‘0
277 1321 413 1387 Congelat3
430 1324 455 1370 δι
468 1319 577 1384 patulos.
594 1333 622 1368 ut
634 1333 718 1379 etant,
730 1316 826 1369 indurat
836 1321 926 1370 hiatus.

275 1399 369 1450 Umbra
384 1399 447 1446 subit
456 1412 543 1446 terras:
555 1399 599 1456 dc,
615 1411 667 1461 quae
681 1394 737 1447 loca
746 1392 839 1448 viderat
854 1412 927 1457 ante,

228 1507 229 1512 =
275 1475 368 1527 Cundia
385 1476 535 1540 recognoscit
547 1493 555 1524 e
567 1489 718 1540 querensque
729 1491 771 1538 per
781 1491 837 1524 arua
847 1477 946 1538 piorum

274 1555 369 1606 Invenit
379 1551 531 1617 Eurydicen,
548 1549 687 1617 cupidisque
697 1551 847 1616 amplesiitur
858 1552 931 1602 ulnis.

274 1631 338 1690 Hic,
358 1629 433 1680 modo
446 1632 578 1694 conjunctis
593 1631 724 1694 spatiantur
734 1631 838 1694 passibus
855 1633 949 1691 ambo,

225 1718 253 1770 65
274 1708 344 1756 Nunc
358 1704 531 1772 precellentem
542 1707 648 1771 sequitur
659 1725 666 1756 e
676 1722 740 1756 nunc
753 1710 854 1770 previus
865 1713 959 1766 anteit,

271 1780 452 1848 Eurydicenque
465 1782 531 1830 suam
548 1783 599 1844 jam
613 1779 666 1830 tuto
682 1783 777 1846 respicit
786 1781 906 1847 Orpheus.

303 1931 361 1982 Non
371 1934 468 1999 impune
478 1933 640 1992 tunenscelur
654 1936 701 1989 hoc
712 1937 770 1986 sinit
779 1933 825 1986 effe
834 1936 940 2001 Lyaeuse

270 2007 408 2077 Amiffoque
418 2008 502 2063 dolens
513 2013 634 2062 sacrorum
644 2028 697 2064 vate
711 2015 809 2063 suorum
819 2047 829 2069 ‚

270 2090 379 2139 Protinus
387 2091 413 2139 in
426 2089 490 2139 silvis
499 2106 587 2141 matres
594 2088 715 2141 Edonidas
725 2109 808 2141 omnes
819 2126 828 2154 ,

220 2178 252 2221 70
270 2162 327 2222 Qun
344 2164 420 2213 secere
431 2164 515 2224 nesae,
532 2164 596 2214 torti
607 2163 685 2214 radice
700 2165 792 2230 ligavit.

269 2238 362 2303 Quippe
371 2237 459 2303 pedum
470 2238 568 2303 digitos,
580 2242 606 2288 in
615 2256 731 2309 quantum
739 2257 839 2307 queque
849 2243 930 2295 secuta
938 2246 986 2309 esi,

267 2317 366 2375 Traxit3
384 2320 409 2365 δι
421 2321 446 2366 in
455 2316 558 2367 solidam
569 2315 669 2367 detrusit
681 2323 790 2367 acumine
802 2335 898 2369 terram.

266 2392 347 2458 thue
358 2395 426 2441 suum
444 2392 548 2457 laqueis,
563 2410 623 2458 quos
633 2393 733 2443 callidus
744 2394 838 2445 abdidit
846 2415 952 2465 auceps,

266 2467 327 2519 Crus
337 2468 377 2517 ubi
389 2470 512 2516 commisit
526 2467 647 2528 volucris,
661 2471 780 2536 sensitque
790 2476 866 2522 teneri
878 2492 887 2532 3

215 2561 246 2613 75
267 2544 404 2610 Plangltut,
416 2560 443 2593 ac
456 2542 573 2608 trepidans
585 2544 692 2610 astringit
701 2547 797 2597 vincula
807 2564 877 2597 motu
889 2568 898 2610 i

264 2624 319 2682 Sic,
339 2636 364 2670 ut
375 2636 473 2687 quaque
480 2620 532 2687 solo
543 2613 620 2671 defilta
628 2626 755 2673 cohaeserat
761 2626 847 2674 hatum
854 2658 872 2687 ,.

264 2694 399 2749 Furliernata
415 2697 498 2763 fugam
510 2698 594 2749 frustra
606 2702 712 2752 tentabat
723 2721 730 2751 2
742 2717 767 2751 at
776 2702 846 2753 illam

264 2777 339 2827 Lenta
357 2791 421 2825 tenet
437 2775 523 2832 radix,
543 2778 747 2845 exsultantemque
760 2787 863 2832 co'e'rcet.
891 2792 897 2802 ⁴

263 2854 376 2923 Dumque
381 2855 422 2903 ubi
431 2857 479 2903 sint
487 2853 566 2919 digiti.
575 2853 634 2904 dum
642 2874 682 2921 pes
692 2859 733 2905 ubi
739 2860 833 2924 quaerit,
843 2862 868 2909 ὃ(
876 2876 980 2928 ungues,

215 2938 246 2987 20
263 2934 353 2997 Aspicit
362 2935 387 2981 in
397 2946 479 2981 teretes
490 2930 582 2997 lignum
593 2934 716 2984 succedere
726 2938 798 2984 suras.

248 3050 251 3054 .
262 3010 293 3060 Et
303 3025 388 3061 conata
399 3009 476 3057 femur
483 3014 590 3059 metenti
599 3012 709 3077 plangere
720 3010 816 3074 dextri,

262 3088 359 3137 Robora
367 3089 479 3153 percussit
489 3106 494 3135 t
503 3090 581 3152 pessus
593 3106 688 3155 quoque
699 3092 785 3140 robora
794 3091 867 3143 fiunt.

262 3165 359 3217 Robora
368 3168 423 3217 sunt
432 3167 695 3237 humerirporreuaque
703 3170 799 3221 erachia
807 3186 878 3223 ueros
