2334 4150
286 494 713 595 Mn'rAnonrrrosnon
727 511 767 579 L.
789 515 831 581 V.
860 514 923 603 ιη

204 637 304 702 Perque
313 631 435 699 pruinosas
446 630 504 678 tulit·
512 633 640 695 irrequieta
651 633 767 682 tenebras.

204 715 315 772 Rursus,
331 725 360 758 ut
375 708 439 758 alma
453 705 504 756 dies
520 709 642 758 hebetirat
659 709 755 770 sidera,
768 724 851 761 natant·

205 792 272 840 Soiis
289 788 320 838 ad
333 788 444 836 occasum
454 819 462 843 ‚
474 785 535 833 Solis
547 788 666 850 quaerebat
677 789 707 834 ab
718 804 782 836 ortu.
931 802 976 846 445

204 867 276 917 feisa
295 869 376 916 labore
386 867 452 914 sitim
463 863 612 928 collegerat,
626 881 714 930 oraque
728 866 790 914 nulli

206 946 357 996 Coiiuerant
371 943 466 990 fontes:
481 941 537 989 ctirn
552 944 638 992 retiam
649 943 758 992 stramine
768 943 831 994 vidit

204 1024 282 1072 forte
302 1023 381 1071 casam
390 1038 397 1078 3
412 1035 541 1084 parvasque
556 1019 619 1068 fores
630 1021 733 1084 pulsavit
742 1041 748 1070 t
757 1035 781 1069 at
791 1020 847 1070 inde

205 1100 295 1150 Prodit
302 1115 359 1148 anus
370 1134 378 1158 ,
392 1099 527 1162 uitamque
538 1094 620 1156 videt,
635 1098 806 1164 lymphamque
819 1101 930 1163 roganti,

203 1179 287 1227 Dulce
297 1176 364 1227 dedit
375 1212 383 1236 ‚
395 1175 457 1225 tosti
467 1173 534 1240 quod
545 1191 642 1224 coxerat
653 1191 707 1224 ante
719 1176 826 1240 pelenti.
925 1185 977 1228 450

206 1257 276 1305 Dum
293 1257 353 1304 bibit
364 1254 407 1302 iila
417 1251 518 1310 datum,
536 1250 589 1301 duri
601 1267 658 1318 puer
673 1256 720 1302 oris
738 1257 762 1302 bc
777 1251 853 1303 audax

206 1333 327 1384 Constitit
338 1346 391 1380 ante
398 1329 477 1379 Deam
489 1349 494 1377 ε
507 1333 621 1395 risitque,
632 1329 774 1396 avidamque
788 1331 892 1381 vocavit.

206 1410 306 1460 Offensa
320 1410 352 1458 est
363 1429 369 1457 z
381 1425 458 1473 neque
468 1405 546 1456 adhuc
557 1407 628 1471 epoti
639 1423 703 1472 parte
714 1443 721 1466 ,
734 1408 874 1474 loquentem

207 1489 275 1540 Cum
289 1486 381 1554 liquido
396 1485 472 1535 mixti
482 1483 588 1550 perfudit
599 1485 662 1534 Diva
673 1485 778 1549 polenri.

206 1567 337 1618 Combibit
346 1581 374 1614 os
388 1565 508 1621 maculas3
522 1567 547 1611 bc
559 1597 568 1620 ‚
584 1562 632 1627 qud
643 1561 719 1612 modb
730 1565 826 1612 brachia
841 1568 910 1628 gessit
917 1569 954 1623 ,45
961 1572 971 1615 i

206 1645 287 1694 Crura
303 1647 364 1708 gerit
373 1661 379 1690 t
388 1639 465 1690 cauda
478 1641 510 1690 en
520 1643 619 1689 mutaris
631 1639 711 1689 addita
722 1643 834 1689 membris
844 1661 850 1698 3

205 1722 284 1787 inque
295 1725 391 1769 brevem
408 1719 527 1777 formam,
540 1735 571 1767 ne
579 1722 610 1767 sit
625 1723 660 1768 vis
672 1730 758 1784 magna
768 1719 872 1768 nocendi
884 1753 893 1779 ,

205 1798 379 1848 Contrahitur:
389 1797 508 1861 parvique
517 1799 596 1844 minor
606 1799 715 1845 mensura
727 1797 814 1846 lacerti
824 1798 865 1847 est.

204 1878 352 1932 Mirantem,
369 1875 531 1940 flentemque,
544 1880 567 1923 ὃ(
579 1889 674 1938 tangere
685 1875 789 1924 monstra
800 1889 922 1940 parantem

203 1954 277 2018 Fugit
294 1970 382 2012 anum3
399 1953 560 2018 latebramque
571 1956 645 2016 petit:
656 1967 784 2019 aptumque
796 1954 872 2004 colori
922 1964 972 2012 460

204 2030 303 2081 Nomen
314 2034 398 2086 habet,
413 2034 483 2081 variis
493 2029 598 2080 {bellatus
608 2047 709 2096 corpora
720 2035 802 2127 gqttis.

236 2191 302 2250 Quas
319 2192 371 2239 Dea
382 2206 514 2255 perrenae,
537 2195 562 2240 bt
578 2206 637 2256 quas
651 2194 762 2241 erraverit
772 2188 866 2252 undas,

202 2267 290 2316 Dicere
302 2268 374 2333 ionga
389 2286 456 2317 mora
471 2270 504 2317 est
517 2288 523 2316 t
535 2272 651 2335 querenti
662 2267 738 2317 defuit
748 2273 821 2318 orbis.

202 2346 321 2393 Sicaniam
332 2350 417 2410 repetit
429 2364 435 2393 ι
448 2345 555 2411 dumque
567 2349 650 2395 omnia
661 2345 742 2395 lustrat
757 2346 850 2405 eund03
877 2362 879 2369 ‘

199 2421 351 2471 venustati
361 2422 478 2483 Cyaneae
492 2441 536 2482 ea,
553 2428 577 2473 ni
589 2438 680 2473 mutata
692 2422 784 2483 fuisset,
916 2427 949 2475 46
954 2435 962 2477 i

202 2500 292 2549 Omnia
306 2498 435 2549 natraiset:
448 2501 488 2551 sed
500 2508 523 2550 br
534 2520 562 2551 os
578 2507 603 2552 bc
618 2503 699 2567 lingua
707 2504 799 2553 volenti
1006 2504 1007 2507 ’

201 2576 288 2626 Dicere
300 2594 348 2626 non
359 2577 457 2628 aderant
466 2598 472 2627 t
481 2596 524 2629 nec
537 2616 545 2638 ,
559 2598 610 2645 quo
621 2581 773 2645 loqueretur,
790 2584 900 2631 habebar.

202 2658 273 2719 Signa
291 2671 371 2705 tamen
383 2657 506 2706 manifesta
515 2655 583 2705 dedit
595 2676 600 2705 t
613 2674 742 2724 notamque
754 2663 858 2723 parenti,

198 2732 247 2782 llio
265 2733 328 2781 forte
343 2733 399 2781 ioco
413 2732 532 2798 delapsam
542 2770 550 2793 ,
562 2738 654 2799 gurgite
666 2738 731 2783 sacro

199 2810 359 2873 Persephones
374 2823 461 2861 zonam
473 2814 571 2861 summis
581 2811 684 2863 ostendit
695 2817 720 2862 in
733 2812 810 2862 undis.
915 2832 964 2876 470

200 2886 279 2945 Quam
292 2890 361 2937 simui
373 2894 483 2953 agnovit,
495 2905 679 2956 tamquamtum
690 2891 794 2957 denique
807 2909 900 2959 raptam

200 2962 301 3023 Scissa,
318 2969 441 3017 inornatos
451 2968 550 3018 laniavit
562 2970 623 3019 Diva
634 2970 732 3035 capillos
743 2989 751 3030 3

200 3041 232 3091 Et
251 3046 351 3106 repetita
361 3047 407 3093 suis
419 3050 532 3110 percussit
543 3050 636 3112 pediora
645 3049 738 3113 palmis.

200 3118 252 3169 Nec
265 3122 309 3167 scit
319 3118 397 3170 adhuc
409 3126 449 3171 ubi
462 3128 508 3173 sit:
520 3140 591 3174 terras
601 3142 680 3175 tamen
688 3130 794 3190 increpat
805 3143 902 3185 omncs,

198 3195 352 3267 ingratasque
362 3216 450 3263 vocar,
466 3219 509 3252 nec
523 3204 620 3273 frugum
629 3222 726 3259 munere
734 3203 816 3275 dignas
821 3224 829 3269 3
911 3221 956 3269 475
