2334 4150
265 538 311 601 40
337 512 381 582 P.
412 513 600 581 Ournrr
625 502 871 584 Nasourr‘

226 640 230 649 “
264 633 370 699 Impedit
379 634 489 701 amplexu
501 654 507 683 ι
519 651 562 684 nec
576 637 600 685 se
614 639 664 685 sine
679 640 779 686 crimine
790 635 881 703 prodit.

264 710 308 760 iila
326 711 425 778 quidem
437 728 536 772 contra,
556 728 673 779 quantum
683 713 760 764 modb
771 714 861 764 femina
871 712 967 780 possit,

215 794 261 840 435
267 786 276 855 (
288 791 406 854 suspiceres
417 794 528 850 utinam,
547 793 672 851 Saturnia,
690 795 773 842 mitior
787 790 878 860 effeti)

263 865 308 915 iila
317 866 414 932 quidem
422 883 512 933 pugnat
524 886 529 916 =
542 867 583 917 fed
594 887 647 935 quae
658 871 764 935 superare
774 871 855 935 puella
866 905 874 931 ,

265 945 353 1005 Quisve
366 945 449 995 Jovem
460 950 567 1010 poterat?
583 949 699 1012 Superum
710 952 770 1014 petit
780 952 867 999 aethera
876 950 956 998 visior

263 1022 370 1085 Juppiter
381 1040 387 1070 r
398 1025 453 1071 huic
467 1021 526 1073 odio
543 1041 627 1074 nemus
637 1026 683 1085 est,
703 1031 728 1075 δι
743 1029 839 1076 conscia
849 1027 917 1076 silva.

263 1097 349 1159 Unde,
369 1099 455 1165 pedem
469 1102 586 1162 referens,
604 1120 670 1168 paene
684 1104 717 1153 est
724 1104 803 1153 oblita
816 1106 953 1169 pharetram

215 1178 362 1232 440Tollere
379 1196 434 1228 cum
452 1180 523 1240 telis,
535 1184 578 1241 bt,
593 1198 665 1246 quem
676 1179 844 1246 suspenderat,
856 1198 948 1230 arcum.

265 1256 327 1305 Ecce
339 1290 348 1315 ,
366 1258 409 1306 suo
424 1260 539 1307 comitata
549 1261 624 1307 choro
639 1258 760 1320 Disiynna
771 1276 813 1324 per
823 1258 899 1307 airum

264 1334 388 1384 Maenalon
404 1334 551 1400 ingrediens,
573 1340 599 1385 ὅ(
614 1334 679 1387 caede
696 1337 795 1400 superba
808 1336 931 1395 ferarum,

266 1410 357 1476 Aspicit
372 1416 450 1473 hanc,
469 1415 592 1480 visamque
604 1429 676 1464 vocat
688 1432 694 1460 =
706 1414 810 1463 clamata
821 1414 910 1478 refugit

195 1548 198 1563 ι
221 1504 225 1513 ’
267 1489 298 1539 Et
311 1494 393 1541 timuit
403 1491 498 1556 primd,
513 1508 543 1541 ne
559 1492 667 1556 iuppiter
679 1490 737 1541 esset
747 1495 773 1540 in
783 1492 834 1540 iiia.

218 1566 313 1633 445Sed
325 1569 378 1634 post
393 1570 468 1635 quim
481 1574 568 1635 pariter
582 1570 707 1635 Nymphas
722 1568 831 1619 incedere
841 1567 917 1628 vidit,

268 1650 347 1697 Sensit
356 1644 433 1697 abesse
443 1646 527 1698 dolos:
538 1665 712 1713 numerumque
725 1650 822 1697 accersit
832 1645 863 1696 ad
873 1650 969 1696 harum.

268 1724 338 1775 Heu!
355 1724 430 1789 quim
442 1722 539 1773 difficile
551 1726 596 1784 est,
612 1728 702 1774 crimen
713 1742 762 1774 non
772 1724 872 1789 prodere
883 1725 967 1774 vultui

268 1801 315 1862 Vix
334 1801 418 1851 oculos
429 1800 520 1851 attollit
533 1802 608 1851 humo
618 1819 673 1851 :nec
685 1837 694 1863 ,
707 1818 732 1851 ur
740 1816 795 1852 ante
806 1803 915 1851 solebat:

268 1878 351 1927 Junsia
366 1878 424 1929 Deae
437 1879 521 1939 lateri,
534 1896 577 1928 nec
592 1895 645 1929 toto
656 1880 688 1929 esi
698 1884 793 1945 agmine
806 1884 902 1946 primae

219 1954 315 2009 riosed
331 1956 399 2016 silet,
417 1960 441 2006 bi
453 1957 502 2005 leri
513 1955 555 2006 dat
563 1960 630 2022 rigna
640 1958 725 2006 rubore
737 1956 844 2022 pudoris.
881 2012 886 2022 Ι

268 2034 315 2091 Et,
326 2038 371 2085 uisi
387 2033 453 2103 quod
463 2038 531 2102 virgo
542 2036 592 2096 est,
603 2051 697 2102 poterat
707 2038 793 2086 sentire
806 2036 885 2087 Diana

268 2114 340 2166 Milic
350 2118 414 2165 notis
424 2115 519 2181 culpam
532 2134 538 2164 ι
551 2115 670 2180 Nymphe
681 2113 774 2164 sensisse
784 2115 901 2164 feruntur.

269 2193 334 2242 Orbe
351 2195 501 2259 resurgebant
513 2195 604 2243 lunaria
619 2210 708 2243 cornua
722 2210 808 2249 nouo,

269 2268 335 2321 Cim
347 2271 398 2321 Dea
411 2275 533 2331 venatrix,
546 2271 656 2321 fraternis
666 2270 779 2336 languida
789 2269 913 2327 flammis,

220 2359 249 2404 45
256 2347 344 2408 iNatia
354 2365 436 2398 nen-ris
446 2347 568 2413 gelidum,
580 2346 610 2397 de
621 2364 735 2412 quocum
747 2361 868 2394 murmure
877 2344 960 2394 labent

269 2426 340 2485 lbat,
361 2419 390 2474 δι’
397 2429 488 2476 attritas
503 2425 611 2474 versabat
624 2427 688 2472 rivus
698 2439 787 2472 arenas.

268 2503 304 2553 Ur
313 2504 366 2552 ioca
378 2502 499 2563 laudavit,
515 2503 619 2550 summat
630 2499 690 2566 pede
701 2503 803 2566 contigit
814 2497 898 2549 undar.

267 2583 312 2632 His
328 2599 424 2649 quoque
438 2580 554 2640 iaudatir3
568 2579 654 2630 Procul
672 2579 717 2639 est,
728 2582 774 2639 ait,
787 2580 874 2628 arbiter
884 2582 985 2642 omnies

267 2660 341 2712 Nuda
356 2661 481 2728 superfusis
495 2662 614 2726 tingamus
626 2675 727 2724 corpora
737 2657 851 2723 lymphis.

217 2741 385 2806 4⁶0Parruasis
396 2741 491 2790 erubuit
502 2759 509 2788 e
521 2740 609 2788 cunii:
620 2738 740 2789 velamina
754 2750 861 2801 ponunt,

189 2837 192 2841 ·
268 2818 323 2869 Una
334 2836 412 2869 morat
419 2822 505 2884 quaerit
519 2837 524 2867 :
538 2815 657 2866 dubitanti
667 2815 735 2865 vestis
745 2811 840 2862 ademta
850 2812 899 2872 est;

269 2899 325 2959 Qui
339 2899 431 2965 positi,
450 2895 516 2946 nudo
530 2898 605 2959 patuit
620 2911 677 2944 curn
685 2909 785 2956 corpore
796 2895 895 2940 crimen.

269 2977 399 3029 Attonitae,
417 2975 572 3038 manibusque
583 2987 677 3021 uterum
688 2971 764 3020 celare
774 2969 883 3027 uolenti,

270 3054 280 3103 l
298 3053 381 3118 procul
392 3055 463 3108 hinc,
475 3049 552 3109 dixit,
564 3067 608 3099 nec
616 3051 693 3099 sacros
703 3046 784 3113 pollue
795 3047 891 3105 fontes,

221 3138 253 3189 46
257 3131 376 3194 §Cynthia
387 3150 394 3180 r
405 3127 482 3197 deque
497 3131 539 3179 suo
550 3130 617 3194 jussit
626 3125 733 3177 secedere
743 3141 817 3176 coetu.

269 3210 375 3260 Senserat
385 3212 432 3260 hoc
442 3208 504 3258 oiim
514 3211 595 3274 magni
605 3221 716 3256 murrona
731 3205 865 3263 Tonanru,
