2334 4150
180 536 605 610 Mernnorrnosron
622 535 661 608 L.
679 537 781 605 1111.
799 541 862 628 285

154 651 259 715 Vulnere
270 656 350 716 tardus
360 661 415 729 equi
425 691 434 717 ,
453 654 569 723 feil'usque
581 657 693 707 senilibus
702 659 787 716 annuit,

155 733 267 785 Proditus
283 737 371 789 asocio
384 735 425 788 est·
439 733 496 786 Nou
506 737 556 784 haec
567 738 628 788 mihi
639 737 741 786 crimina
754 733 814 806 fingi

156 816 206 865 Scit
221 815 281 864 bene
295 812 415 878 Tydides,
427 817 469 884 qui
480 818 577 868 nomine
590 817 648 880 saepe
659 829 774 869 vocatum

156 885 283 952 Corripuit
294 905 302 946 3
313 885 453 954 trepidoque
464 887 710 957 iugamenprobravit
720 891 811 944 arnico..

157 963 280 1029 Aspiciunt
291 963 366 1014 oculis
378 966 459 1028 Superi
470 963 582 1014 mortalia
592 963 665 1029 justis.
891 979 923 1022 7⁹

157 1037 194 1086 En
214 1053 268 1103 eget
283 1037 387 1092 auxilio,
404 1040 445 1103 qui
456 1053 506 1086 non
517 1037 572 1086 tulit
583 1055 592 1096 3
602 1053 676 1103 utque
685 1037 801 1104 reliquit,

158 1116 197 1166 Sic
214 1113 357 1180 linquendus
374 1129 423 1162 erat
432 1112 524 1179 :legem
536 1115 580 1163 sibi
592 1113 683 1165 dixerat
693 1116 751 1178 ipse.

156 1192 305 1242 Conclamat
322 1194 398 1242 socios
408 1211 414 1239 :
424 1189 522 1252 adsum,
533 1190 651 1258 videoque
662 1207 823 1255 trementem,

158 1270 340 1336 Pallentemque
352 1285 434 1330 metu,
452 1287 480 1320 ac
490 1269 650 1342 trepidantem
660 1286 738 1328 morte
750 1269 839 1319 futura.

156 1349 268 1413 Opposui
278 1348 368 1397 molem
378 1347 470 1412 clypei,
480 1351 575 1415 telique
589 1352 707 1413 jacentem
717 1381 726 1408 ,
891 1364 921 1411 75

157 1427 428 1490 Servaviqueanimam,
440 1427 569 1474 minimum
580 1424 659 1473 esthic
669 1423 755 1479 laudis,
763 1427 874 1478 inertem.

90 1565 91 1570 ¹
159 1505 184 1552 Si
200 1501 287 1566 perstas
298 1515 401 1560 certare,
418 1499 500 1547 locum
511 1498 634 1548 redeamus
644 1501 670 1547 in
680 1499 765 1558 illum3

159 1578 244 1636 Redde
251 1579 353 1639 hostem,
366 1578 498 1647 vulnusque
508 1595 585 1639 tuum,
598 1578 743 1643 solitumque
754 1581 877 1636 timorem3

90 1647 91 1666 ¹
159 1659 216 1710 Poll
228 1657 388 1722 clypeumque
398 1655 461 1718 late,
477 1660 503 1709 ἃ
513 1673 610 1714 nlacuna
620 1654 738 1705 contende
750 1657 793 1706 sub
806 1655 861 1708 illo.

161 1737 194 1785 At
213 1735 265 1800 post
275 1733 350 1805 quim
359 1737 434 1799 eripui
445 1751 452 1792 3
464 1736 501 1792 cui
513 1731 588 1782 standi
596 1733 695 1788 vulnera
703 1736 764 1786 vires
894 1735 927 1791 80

90 1825 91 1844 i
108 1834 113 1848 ·
161 1803 221 1855 Non
237 1803 367 1862 dederant,
383 1805 452 1862 nullo
463 1804 569 1856 tardatus
584 1807 681 1859 vulnere
693 1808 764 1876 fugit.

196 1882 282 1932 Hector
289 1880 352 1932 adest
363 1917 371 1943 ,
388 1884 514 1950 secumque
528 1884 595 1934 Deos
605 1888 631 1934 in
640 1886 727 1951 proelia
736 1885 812 1939 ducit.

162 1958 266 2025 Quique
275 1963 323 2009 ruit
335 1994 343 2020 ,
359 1977 409 2010 nora
420 1975 446 2009 ru
459 1959 553 2010 tantum
572 1966 680 2021 terreris,
691 1961 797 2026 ‚Ulyffe3

162 2033 211 2086 Sed
225 2036 297 2092 fortes
309 2039 380 2095 etiam
393 2056 399 2087 ι
412 2036 506 2088 tantum
518 2041 592 2089 trahit
602 2039 644 2089 ille
657 2041 767 2090 timoris!

164 2110 236 2160 Hunc
250 2127 310 2175 ego,
327 2112 459 2174 sanguineae
476 2108 581 2159 succeffu
593 2110 664 2160 cadis
674 2128 805 2174 ovantem,
899 2119 927 2182 85

163 2188 284 2239 Cominus
302 2180 393 2259 ingenti
405 2189 540 2259 resupinum
550 2184 656 2263 pondere
670 2186 732 2241 fudi.

167 2264 238 2317 Hunc
256 2279 301 2328 ego
316 2264 469 2329 poscentem,
486 2280 541 2313 cum
552 2281 602 2329 quo
616 2279 785 2328 concurreret,
799 2282 859 2317 unus

165 2342 267 2390 Sustinui
280 2359 285 2388 :
298 2342 433 2407 sortemque
442 2358 521 2393 meam
531 2342 628 2392 vovistis
635 2375 643 2400 ,
658 2344 759 2406 Achivi3

143 2468 146 2473 .
166 2417 199 2467 Et
216 2418 296 2468 vestrae
306 2417 401 2486 valuere
411 2436 500 2484 preces.
518 2422 542 2468 Si
553 2422 657 2489 quaeritis
669 2424 739 2488 hujus

168 2496 298 2551 fortunam
308 2513 393 2562 pugna
405 2514 413 2556 3
424 2514 473 2547 non
486 2500 538 2547 sum
548 2499 670 2564 superatus
681 2499 771 2551 abillo.

200 2573 262 2631 Ecce
272 2575 352 2623 ferunt
362 2576 436 2623 Troes
448 2575 598 2641 ferrumque,
609 2580 737 2644 ignemque
751 2580 882 2652 lovemque

169 2650 197 2703 ln
208 2650 302 2701 Danaas
314 2648 395 2699 clalses
405 2670 412 2699 r
423 2652 462 2699 ubi
474 2668 537 2699 nuuc
548 2653 663 2703 facundus
674 2653 785 2717 ulysses?

169 2726 264 2793 Nempe
282 2743 327 2792 ego
342 2727 409 2776 inille
419 2744 474 2777 meo
485 2732 578 2793 protexi
589 2735 680 2794 pedore
691 2749 796 2799 puppes,

170 2808 243 2871 Spem
254 2806 323 2853 vestri
335 2802 432 2855 reditus.
444 2806 507 2857 Date
515 2822 552 2855 tot
562 2824 606 2875 pro
616 2810 715 2859 navibus
727 2828 801 2869 arma,

172 2880 247 2944 Quod
257 2885 276 2931 si
284 2898 338 2931 vera
349 2882 405 2933 licet
416 2884 475 2931 mihi
484 2882 560 2933 dicere
569 2902 577 2943 3
589 2890 703 2951 quaeritur
710 2888 773 2948 istis,
901 2901 931 2957 95·

172 2961 255 3023 Qualm
264 2962 418 3026 mihhma'por
426 2963 514 3009 honos:
522 2966 692 3032 conjunctaque
703 2954 781 3029 gloria
787 2967 865 3017 noilra
873 2972 915 3031 est3

173 3040 251 3105 Atque
264 3038 321 3103 Ajax
333 3042 422 3099 armis,
440 3054 490 3087 non
500 3041 565 3103 Ajaei
577 3057 642 3089 arma
650 3057 770 3107 petuntur.

174 3114 293 3165 Conferat
307 3118 343 3165 his
354 3116 446 3165 Ithacus
458 3116 576 3178 Rhesum,
588 3118 759 3186 imbellemque
770 3120 867 3172 Dolona
872 3157 882 3185 ,

175 3192 355 3265 Priamidenque
366 3184 486 3245 Helenum
496 3194 563 3263 raptl
573 3212 629 3251 com
641 3195 737 3249 Pallade
748 3208 853 3268 captum.
919 3272 922 3278 ¹

898 2534 929 2576 90
