2334 4150
239 557 304 622 208
384 547 427 624 P.
448 553 604 623 Orrorr
619 554 814 625 NAsours

236 675 344 740 Cognita
354 675 450 738 Cyanee
461 693 467 725 ι
480 676 597 740 prestanti
607 692 710 742 corpora
725 677 822 738 forma,

236 753 339 815 Byblida
356 771 411 804 cum
422 753 508 804 Cauno
523 788 531 813 ,
545 754 640 818 prolem
651 755 684 803 est
694 757 763 804 enixa
773 751 913 819 gemellam.

237 831 318 894 Byblis
329 835 353 880 iu
369 831 478 895 exemplo
494 831 543 889 eli,
558 848 587 880 ur
598 847 681 882 ament
690 829 800 881 coneeffa
809 829 905 896 puelle.

268 909 348 971 Byblis
364 907 483 972 Apollinei
501 925 610 974 correpta
622 908 734 974 cupidine
747 909 837 964 fratria,

189 989 218 1033 45
226 991 233 1033 1
240 987 296 1036 Nou
307 1019 315 1046 ,
327 987 392 1034 soror
404 1001 431 1034 ut
441 985 559 1044 fratrem,
571 1003 615 1035 nec
633 985 681 1051 qui
691 985 808 1041 debebat.
830 988 932 1035 amarit.

238 1062 282 1112 illa
293 1061 390 1129 quidem
408 1062 488 1127 primo
505 1064 585 1112 nullos
603 1063 812 1128 intelligitiguea,

237 1141 288 1190 Nec
308 1157 404 1205 peccare
419 1156 486 1205 purat
499 1173 506 1200 ,
518 1140 585 1208 quod
596 1144 678 1204 sepius
694 1140 776 1190 oscula
788 1145 891 1205 iungat,

238 1217 310 1278 Quod
324 1221 365 1269 sua
384 1219 489 1268 fraterno
504 1217 638 1268 circumdet
648 1220 745 1268 brachia
755 1217 840 1276 collo;

237 1293 397 1362 Mendacique
414 1295 455 1345 diu
467 1299 562 1361 pietatis
577 1297 671 1345 fallitur
688 1296 784 1345 umbri.

188 1373 354 1433 4uol³aularim
375 1373 480 1423 declinat
496 1391 582 1433 amor,
593 1376 718 1438 visuraque
731 1373 832 1422 fratrem

239 1451 313 1502 Culta
323 1454 408 1511 νηπίη
424 1455 575 1517 nimiumque
593 1455 660 1516 cupit
674 1451 780 1500 formosa
791 1447 868 1499 videri
879 1468 886 1498 r

238 1531 288 1590 Et,
300 1535 377 1597 siqua
397 1530 430 1580 est
443 1531 495 1580 illic
506 1531 654 1588 formosior,
672 1527 765 1578 invidet
778 1527 825 1576 illi.

239 1607 287 1660 Sed
299 1607 407 1660 nondum
425 1607 549 1659 manifesta
566 1610 611 1657 ribi
621 1608 669 1666 eli,
686 1605 828 1671 nullumque
844 1605 887 1655 sub
898 1604 948 1654 illo

239 1685 297 1752 igne
308 1687 367 1737 facie
383 1701 485 1745 vorum
502 1689 584 1735 verdm
599 1702 679 1735 tamen
689 1685 769 1734 estuat
783 1687 855 1732 intus.

190 1765 294 1826 465Jam
312 1763 438 1814 domiuum
453 1763 557 1828 appellat
568 1783 574 1812 r
587 1767 636 1827 jam
644 1765 743 1812 nomina
757 1765 876 1827 sanguinis
887 1760 965 1818 oditg

169 1855 174 1867 ¹
239 1840 341 1904 Byblida
357 1847 408 1907 jam
423 1843 531 1894 mavult,
551 1840 625 1906 quim
641 1843 745 1889 sevocet
755 1841 797 1889 ille
809 1841 926 1889 sororem.

239 1923 295 1986 Spes
314 1936 393 1970 tamen
403 1920 516 1969 obscenas
534 1922 617 1967 animo
628 1916 756 1967 demittere
769 1933 820 1966 nou
829 1917 862 1966 eli

238 2001 300 2048 Ausa
320 2001 362 2047 suo
379 1998 489 2063 vigilant.
502 1995 599 2045 Placidi
612 1995 715 2045 resoluta
726 1997 816 2061 quiete-

239 2076 392 2143 Saepevidet,
404 2073 471 2143 quod
479 2090 543 2125 amat
552 2094 557 2125 ι
566 2078 617 2126 visa
628 2074 660 2124 eli
671 2090 767 2140 quoque
778 2078 876 2139 jungere
889 2071 959 2124 fratri

192 2155 353 2221 470c0rpus3
374 2158 398 2205 δι
417 2156 531 2214 erubuit,
550 2156 658 2219 quamvis
669 2154 745 2217 sopita
756 2153 857 2217 jacebat.

243 2237 349 2283 Somnus
367 2232 493 2283 abit2silet
509 2230 620 2288 madio,
639 2230 770 2296 reperitque
780 2232 866 2295 quietis
971 2265 974 2268 .

243 2312 295 2377 Ipsa
315 2314 360 2361 suae
372 2312 490 2375 speciem,
501 2307 622 2373 dubiique
635 2312 667 2356 ira
682 2322 764 2357 mente
781 2306 900 2371 profatur,

274 2390 316 2439 Me
331 2392 440 2437 miseram
453 2389 460 2436 l
481 2390 558 2436 trcitae
575 2384 635 2451 quid
644 2385 698 2437 vult
709 2387 754 2434 eibi
769 2386 844 2433 nostia
856 2385 942 2447 imago
951 2421 963 2443 ,

242 2464 321 2526 Quim
334 2464 411 2515 nolim
422 2480 472 2515 rara
488 2468 520 2513 sit
530 2468 540 2513 i
550 2464 602 2513 Cur
616 2466 667 2512 haec
679 2479 725 2528 ego
740 2465 834 2511 somnia
849 2460 903 2510 vidi
918 2464 927 2511 ἓ

192 2544 283 2605 mille
303 2540 401 2609 quidem
412 2542 444 2590 est
454 2541 647 2607 oculisquamvia
659 2540 778 2590 formosus
787 2543 890 2605 iniquies
962 2548 966 2553 '

242 2620 273 2670 Et
282 2619 375 2686 placet,
394 2623 419 2669 de
438 2617 546 2684 polium,
559 2622 578 2667 ei
591 2621 684 2667 nonsit
697 2618 769 2668 frater
782 2652 789 2677 ‚
801 2633 880 2666 amare
893 2635 900 2665 e

241 2699 274 2748 Et
290 2714 328 2747 me
346 2696 431 2762 diguus
444 2712 502 2747 erat.
525 2694 615 2746 Verdm
628 2710 700 2746 uocet
710 2693 756 2745 else
767 2697 883 2746 sororem.

242 2773 384 2827 Dummodo
403 2775 449 2825 tale
463 2774 523 2824 nihil
540 2775 641 2840 vigilans
653 2776 805 2823 committere
816 2786 906 2821 tentem
918 2805 928 2833 ,

244 2854 308 2917 Saepe
329 2851 385 2902 licet
403 2852 476 2901 simili
487 2852 568 2902 redeat
579 2852 622 2899 sub
633 2853 737 2915 imagine
748 2852 852 2899 somnus.

195 2928 321 2989 480Testis
332 2929 395 2982 abest
406 2930 507 2988 somno,
525 2946 568 2978 nec
581 2928 644 2979 abest
654 2931 747 2977 imitata
756 2927 878 2992 voluptas.

245 3006 292 3057 Prd
313 3007 391 3055 Venus
403 3007 409 3055 i
422 3012 446 3056 δι
457 3006 537 3056 teneri
548 3004 645 3055 volucer
657 3022 713 3055 cum
725 3021 802 3055 maere
812 3003 927 3069 Cupido!
1026 3060 1030 3066 ¹

246 3082 339 3133 Gaudia
356 3096 443 3150 quanta
459 3084 503 3133 tuli
515 3084 521 3133 l
535 3082 609 3149 quim
619 3098 658 3133 me
671 3082 796 3131 manifesta
807 3080 885 3138 libido

246 3161 376 3225 Contigit!
396 3176 424 3211 ut
442 3164 502 3225 jacui
519 3163 575 3211 rotis
591 3160 693 3210 resoluta
707 3158 834 3209 medullis!

246 3236 282 3285 Ut
297 3236 429 3289 meminiffe
439 3238 524 3304 jurati
537 3241 646 3305 quamria
660 3238 736 3290 brevia
749 3236 793 3287 illa
802 3235 932 3303 voluptas,
967 3238 971 3246 ’
