2334 4150
250 548 674 630 MnrAuorrrrrosrou
689 540 726 608 L.
744 541 807 608 XI.
833 557 895 627 255

191 665 247 717 Pars
266 671 359 717 munire
377 668 452 726 latus,
468 683 521 732 patr
533 668 611 715 ventis
621 663 674 714 vcia
684 678 779 726 negare.

193 743 274 809 Egerit
288 748 328 794 hic
345 744 448 804 fluiius,
463 759 592 809 :quotque
607 738 714 791 refundit
729 743 755 788 in
766 754 866 804 tquor5

192 821 239 870 Hic
259 826 319 888 rapit
330 839 450 872 antennas.
463 821 521 882 Quae
532 819 591 870 dum
601 822 651 869 eine
662 819 714 884 lege
725 832 855 882 geruntur,

190 899 278 963 Aspera
288 901 370 949 crescit
381 902 456 948 hieme
466 917 474 956 i
484 901 600 963 omnique
610 913 698 961 epatre
709 895 800 944 feroces
903 897 953 943 490
963 930 970 960 3

191 975 258 1024 Belia
270 994 355 1041 gerunt
365 981 448 1036 venti,
463 976 570 1040 fretaque
584 972 732 1039 indignantia
744 973 855 1022 misceor.

190 1050 242 1116 lpse
252 1071 323 1118 pavet
331 1074 337 1104 :
345 1072 388 1104 nec
400 1057 422 1104 se
431 1089 439 1112 ,
449 1059 490 1120 qui
501 1057 532 1104 sit
541 1054 628 1111 statue,
640 1053 688 1116 ipse
699 1051 787 1102 fatetur

189 1132 254 1180 Scire
269 1133 324 1182 re'tis
337 1136 413 1182 rector
425 1151 433 1190 3
444 1149 488 1181 nec
501 1130 560 1198 quid
570 1127 679 1196 jube'atvc
688 1144 798 1179 vetctver

190 1206 268 1258 Tanta
280 1211 337 1259 mali
347 1210 424 1260 moles
434 1210 441 1258 i
454 1209 551 1274 totique
563 1212 685 1276 potentior
694 1223 744 1257 arte
754 1206 801 1256 esti

190 1284 284 1352 Quippe
294 1290 379 1338 sonant
394 1288 498 1336 clamore
512 1290 573 1345 viri,
583 1284 682 1335 stridore
689 1282 819 1343 rudentes,
900 1301 948 1345 495

188 1361 316 1414 Undarum
326 1367 420 1414 incursu
435 1368 511 1430 gravis
520 1363 600 1419 unda,
617 1364 744 1413 tonitribus
754 1363 836 1410 aethcr.

187 1440 207 1490 F
208 1441 310 1492 luctibus
324 1445 420 1507 erigitur
429 1477 438 1503 ,
447 1443 585 1507 coeiunrque
594 1457 686 1507 equare
693 1438 805 1493 videtur.

187 1519 280 1570 Pontus
292 1537 300 1578 3
312 1523 336 1568 ἃ
353 1518 458 1569 inductae
468 1521 589 1584 aspergine
599 1521 690 1582 tingere
700 1518 783 1566 nubet.

187 1593 219 1646 Et
228 1595 320 1655 modd‚
330 1597 395 1646 curn
406 1597 482 1646 fulvas
492 1614 520 1646 ex
531 1600 582 1646 imo
591 1599 665 1645 vertit
675 1610 756 1644 arenae
767 1628 777 1653 ‚

189 1672 315 1724 Concolor
326 1675 359 1724 est
368 1674 434 1733 illisa
450 1673 533 1740 Stygii
543 1672 619 1723 modo
628 1676 720 1739 nigrior
730 1670 809 1722 nodia
906 1686 952 1733 roo

189 1751 306 1800 Sternitur
318 1750 454 1811 interdum,
466 1754 602 1818 spumisque
611 1752 748 1801 sonantibus
759 1751 833 1801 albet.

189 1827 241 1893 ipsa
251 1845 347 1895 quoque
356 1833 390 1879 his
401 1834 478 1896 agitur
485 1830 576 1878 vicibus
587 1829 716 1878 Trachinia
726 1831 823 1893 puppirr

188 1904 219 1954 Et
230 1905 306 1956 modd
316 1907 422 1957 sublimis
432 1943 441 1967 ,
457 1907 532 1958 veluti
542 1906 573 1957 de
583 1910 673 1957 vertice
683 1910 773 1956 montis
786 1938 796 1965 ,
825 1934 828 1939 <

187 1981 314 2048 Despicere
324 1984 446 2046 iuvante,
461 1987 587 2050 imumque
595 1985 744 2042 Acheronta,
754 1982 869 2042 videtura

188 2059 277 2121 Nunc,
294 2063 334 2112 ubi
349 2059 474 2113 demissam
484 2061 860 2128 curcumcireumssetitaequor‚
904 2077 948 2125 505

188 2141 308 2205 suspicere
319 2141 415 2191 inferno
428 2143 549 2189 summum
561 2139 591 2191 de
600 2144 694 2205 gurgite
703 2140 802 2189 colum.

189 2218 253 2283 Saepe
264 2216 304 2267 det
314 2222 437 2284 ingentem
447 2254 456 2278 ‚
468 2218 539 2267 fluctu
551 2218 612 2267 latur
622 2220 686 2279 isia,
697 2217 836 2282 fragorem

188 2294 240 2346 Nec
251 2296 325 2345 levius
335 2296 428 2362 pulsate
438 2298 506 2347 sonat
518 2331 527 2357 ,
544 2294 619 2361 quim
628 2296 715 2345 ferrem
724 2295 786 2345 olim

188 2372 254 2423 cnm
270 2373 358 2425 lacerae
372 2378 430 2425 aries
442 2375 561 2425 ballistave
571 2376 679 2424 concutit
689 2390 762 2423 arcet.

186 2450 269 2517 thue
286 2454 382 2513 soient,
395 2456 477 2503 sumtis
486 2456 511 2503 in
522 2455 591 2504 cursu
600 2454 707 2512 viribne,
721 2454 757 2501 ire
902 2466 950 2515 rto

187 2530 283 2579 Pesiore
292 2534 317 2579 in
329 2545 394 2580 artua
406 2531 464 2590 feri,
480 2547 641 2597 praetentaque
656 2530 721 2591 teia,
736 2530 839 2591 Itouna
940 2536 943 2568 :

187 2608 226 2656 Sic
237 2608 276 2655 ubi
286 2610 327 2664 se,
337 2611 432 2666 ventis,
444 2607 572 2657 admiserat
582 2607 660 2668 unda,
675 2611 764 2657 coortis
776 2640 786 2668 ,

185 2684 241 2735 ibat
250 2688 275 2733 in
286 2700 352 2734 arma
363 2688 418 2735 ratis
429 2702 437 2742 3
451 2686 576 2751 multoque
584 2700 634 2734 erat
641 2685 711 2735 altior
721 2685 780 2734 iliis.

184 2762 288 2828 Jamque
299 2763 380 2811 labant
390 2766 457 2813 cunei
469 2798 477 2821 ,
497 2764 643 2829 spoliataque
653 2766 758 2829 regmine
767 2776 829 2813 tere

185 2840 258 2889 Rima
269 2853 349 2904 patera
363 2842 496 2907 prebetque
507 2844 570 2891 viam
585 2842 694 2891 letalibus
706 2840 785 2890 undis.
902 2847 945 2895 5¹5

184 2916 249 2967 Ecce
263 2915 352 2967 eadunt
363 2917 420 2983 largi
434 2917 543 2968 resolutis
552 2920 653 2969 nubibus
664 2921 770 2977 imbres,

184 2994 262 3060 inque
272 2994 359 3045 fretum
371 2994 454 3045 credar
464 3010 542 3045 totum
552 2994 693 3046 descendere
702 2995 810 3051 caiuma

184 3070 260 3137 inque
271 3072 349 3137 plagas
360 3072 417 3123 coeli
428 3074 581 3123 tumefasium
592 3072 717 3123 ascendere
732 3088 842 3138 pontum.

184 3148 245 3199 Vela
258 3149 356 3202 madent
373 3154 477 3210 nimbir5
492 3156 515 3201 δι
527 3168 582 3201 cum
591 3152 724 3201 coelesiibur
735 3147 805 3198 undir

184 3224 309 3294 lquere:
317 3232 446 3281 miscentur
456 3246 533 3297 aquae·
545 3230 620 3285 Caret
629 3230 725 3294 ignibus
733 3230 826 3289 atheta
848 3240 851 3246 ’
889 3227 949 3278 ,ΡΘ
