<?xml version="1.0" encoding="UTF-8"?>
<!DOCTYPE html PUBLIC "-//W3C//DTD XHTML 1.0 Transitional//EN"
    "http://www.w3.org/TR/xhtml1/DTD/xhtml1-transitional.dtd">
<html xmlns="http://www.w3.org/1999/xhtml" xml:lang="en" lang="en">
 <head>
  <title>
</title>
<meta http-equiv="Content-Type" content="text/html;charset=utf-8" />
  <meta name='ocr-system' content='tesseract 3.04.00' />
  <meta name='ocr-capabilities' content='ocr_page ocr_carea ocr_par ocr_line ocrx_word'/>
</head>
<body>
  <div class='ocr_page' id='page_1' title='image "./povidiinasoniso04ovidgoog_0098.png"; bbox 0 0 2334 4150; ppageno 0'>
   <div class='ocr_carea' id='block_1_1' title="bbox 278 518 884 604">
    <p class='ocr_par' dir='ltr' id='par_1_1' title="bbox 278 518 884 604">
     <span class='ocr_line' id='line_1_1' title="bbox 278 518 884 604; baseline -0.012 0"><span class='ocrx_word' id='word_1_1' title='bbox 278 538 323 604; x_wconf 86' lang='lat'><strong>86</strong></span> <span class='ocrx_word' id='word_1_2' title='bbox 370 518 372 525; x_wconf 71' lang='grc'><strong>’</strong></span> <span class='ocrx_word' id='word_1_3' title='bbox 420 530 465 601; x_wconf 87' lang='grc' dir='ltr'><strong>Ρ.</strong></span> <span class='ocrx_word' id='word_1_4' title='bbox 497 530 655 598; x_wconf 77' lang='lat' dir='ltr'><strong>Ournrr</strong></span> <span class='ocrx_word' id='word_1_5' title='bbox 687 528 884 598; x_wconf 68' lang='lat' dir='ltr'><strong>Nasours</strong></span> 
     </span>
    </p>
   </div>
   <div class='ocr_carea' id='block_1_2' title="bbox 164 650 993 3313">
    <p class='ocr_par' dir='ltr' id='par_1_2' title="bbox 275 650 982 959">
     <span class='ocr_line' id='line_1_2' title="bbox 275 650 907 719; baseline -0.006 -12"><span class='ocrx_word' id='word_1_6' title='bbox 275 658 341 708; x_wconf 90' lang='lat' dir='ltr'><strong>Tum</strong></span> <span class='ocrx_word' id='word_1_7' title='bbox 351 656 409 708; x_wconf 86' lang='lat' dir='ltr'><strong>verb</strong></span> <span class='ocrx_word' id='word_1_8' title='bbox 419 654 558 719; x_wconf 86' lang='lat' dir='ltr'><strong>obstupuit,</strong></span> <span class='ocrx_word' id='word_1_9' title='bbox 568 651 687 719; x_wconf 71' lang='lat' dir='ltr'><strong>nudaeque</strong></span> <span class='ocrx_word' id='word_1_10' title='bbox 698 650 811 717; x_wconf 86' lang='lat' dir='ltr'><strong>cupidine</strong></span> <span class='ocrx_word' id='word_1_11' title='bbox 821 651 907 703; x_wconf 79' lang='lat' dir='ltr'><strong>sormae</strong></span> 
     </span>
     <span class='ocr_line' id='line_1_3' title="bbox 275 730 982 799; baseline -0.006 -14"><span class='ocrx_word' id='word_1_12' title='bbox 275 736 389 787; x_wconf 81' lang='lat' dir='ltr'>Salmacis</span> <span class='ocrx_word' id='word_1_13' title='bbox 400 737 484 785; x_wconf 82' lang='lat' dir='ltr'>exarsit</span> <span class='ocrx_word' id='word_1_14' title='bbox 495 752 501 781; x_wconf 90' lang='lat' dir='ltr'><strong>t</strong></span> <span class='ocrx_word' id='word_1_15' title='bbox 513 730 616 798; x_wconf 76' lang='lat' dir='ltr'><strong>flagrant</strong></span> <span class='ocrx_word' id='word_1_16' title='bbox 625 748 722 799; x_wconf 77' lang='lat' dir='ltr'><strong>quoque</strong></span> <span class='ocrx_word' id='word_1_17' title='bbox 733 732 826 782; x_wconf 87' lang='lat' dir='ltr'><strong>lumina</strong></span> <span class='ocrx_word' id='word_1_18' title='bbox 835 732 982 796; x_wconf 74' lang='lat' dir='ltr'><strong>Nympbes5</strong></span> 
     </span>
     <span class='ocr_line' id='line_1_4' title="bbox 275 810 938 879; baseline -0.008 -13"><span class='ocrx_word' id='word_1_19' title='bbox 275 814 334 865; x_wconf 88' lang='lat' dir='ltr'><strong>Non</strong></span> <span class='ocrx_word' id='word_1_20' title='bbox 345 816 412 865; x_wconf 91' lang='lat' dir='ltr'><strong>aliter</strong></span> <span class='ocrx_word' id='word_1_21' title='bbox 423 850 432 874; x_wconf 87' lang='lat'>‚</span> <span class='ocrx_word' id='word_1_22' title='bbox 443 814 519 879; x_wconf 72' lang='lat' dir='ltr'><strong>quim</strong></span> <span class='ocrx_word' id='word_1_23' title='bbox 529 811 585 861; x_wconf 78' lang='lat' dir='ltr'><strong>crim</strong></span> <span class='ocrx_word' id='word_1_24' title='bbox 595 846 604 871; x_wconf 94' lang='lat'>‚</span> <span class='ocrx_word' id='word_1_25' title='bbox 620 828 681 877; x_wconf 90' lang='lat' dir='ltr'><strong>puro</strong></span> <span class='ocrx_word' id='word_1_26' title='bbox 691 810 849 861; x_wconf 74' lang='lat' dir='ltr'><strong>nitidissimus</strong></span> <span class='ocrx_word' id='word_1_27' title='bbox 859 813 938 873; x_wconf 83' lang='lat' dir='ltr'><strong>orbe,</strong></span> 
     </span>
     <span class='ocr_line' id='line_1_5' title="bbox 276 891 852 959; baseline -0.002 -18"><span class='ocrx_word' id='word_1_28' title='bbox 276 893 393 959; x_wconf 74' lang='lat' dir='ltr'><strong>Oppositd</strong></span> <span class='ocrx_word' id='word_1_29' title='bbox 404 892 493 958; x_wconf 84' lang='lat' dir='ltr'><strong>speculi</strong></span> <span class='ocrx_word' id='word_1_30' title='bbox 502 891 613 941; x_wconf 87' lang='lat' dir='ltr'><strong>referitur</strong></span> <span class='ocrx_word' id='word_1_31' title='bbox 622 893 728 957; x_wconf 74' lang='lat' dir='ltr'><strong>imagine</strong></span> <span class='ocrx_word' id='word_1_32' title='bbox 739 891 852 941; x_wconf 79' lang='lat' dir='ltr'><strong>Phoebus.</strong></span> 
     </span>
    </p>

    <p class='ocr_par' dir='ltr' id='par_1_3' title="bbox 230 966 965 1353">
     <span class='ocr_line' id='line_1_6' title="bbox 230 966 965 1039; baseline -0.004 -16"><span class='ocrx_word' id='word_1_33' title='bbox 230 978 256 1023; x_wconf 75' lang='lat'><strong>35</strong></span> <span class='ocrx_word' id='word_1_34' title='bbox 261 973 370 1039; x_wconf 70' lang='lat' dir='ltr'><strong>ovisque</strong></span> <span class='ocrx_word' id='word_1_35' title='bbox 381 988 476 1021; x_wconf 87' lang='lat' dir='ltr'><strong>motam</strong></span> <span class='ocrx_word' id='word_1_36' title='bbox 489 975 579 1037; x_wconf 89' lang='lat' dir='ltr'><strong>patitur</strong></span> <span class='ocrx_word' id='word_1_37' title='bbox 591 989 598 1019; x_wconf 87' lang='lat' dir='ltr'><strong>t</strong></span> <span class='ocrx_word' id='word_1_38' title='bbox 609 974 649 1020; x_wconf 83' lang='lat' dir='ltr'><strong>vix</strong></span> <span class='ocrx_word' id='word_1_39' title='bbox 660 974 709 1036; x_wconf 87' lang='lat' dir='ltr'><strong>jam</strong></span> <span class='ocrx_word' id='word_1_40' title='bbox 720 971 761 1021; x_wconf 86' lang='lat' dir='ltr'><strong>sua</strong></span> <span class='ocrx_word' id='word_1_41' title='bbox 772 966 858 1035; x_wconf 74' lang='lat' dir='ltr'><strong>gaudia</strong></span> <span class='ocrx_word' id='word_1_42' title='bbox 869 966 965 1020; x_wconf 78' lang='lat' dir='ltr'><strong>differt.</strong></span> 
     </span>
     <span class='ocr_line' id='line_1_7' title="bbox 274 1047 937 1117; baseline -0.009 -14"><span class='ocrx_word' id='word_1_43' title='bbox 274 1054 326 1104; x_wconf 88' lang='lat' dir='ltr'><strong>Jam</strong></span> <span class='ocrx_word' id='word_1_44' title='bbox 339 1055 405 1117; x_wconf 91' lang='lat' dir='ltr'><strong>cupit</strong></span> <span class='ocrx_word' id='word_1_45' title='bbox 416 1050 528 1115; x_wconf 74' lang='lat' dir='ltr'><strong>amplesii</strong></span> <span class='ocrx_word' id='word_1_46' title='bbox 539 1068 545 1097; x_wconf 79' lang='lat' dir='ltr'><strong>t</strong></span> <span class='ocrx_word' id='word_1_47' title='bbox 557 1054 607 1115; x_wconf 88' lang='lat' dir='ltr'><strong>jam</strong></span> <span class='ocrx_word' id='word_1_48' title='bbox 620 1051 643 1097; x_wconf 84' lang='lat' dir='ltr'><strong>se</strong></span> <span class='ocrx_word' id='word_1_49' title='bbox 653 1047 716 1097; x_wconf 70' lang='lat' dir='ltr'><strong>mali</strong></span> <span class='ocrx_word' id='word_1_50' title='bbox 726 1050 937 1098; x_wconf 85' lang='lat' dir='ltr'><strong>eontinetameus.</strong></span> 
     </span>
     <span class='ocr_line' id='line_1_8' title="bbox 273 1127 921 1193; baseline -0.008 -13"><span class='ocrx_word' id='word_1_51' title='bbox 273 1130 337 1185; x_wconf 83' lang='lat' dir='ltr'><strong>Ille,</strong></span> <span class='ocrx_word' id='word_1_52' title='bbox 354 1132 437 1186; x_wconf 86' lang='lat' dir='ltr'><strong>cavis,</strong></span> <span class='ocrx_word' id='word_1_53' title='bbox 453 1128 544 1185; x_wconf 83' lang='lat' dir='ltr'><strong>velox,</strong></span> <span class='ocrx_word' id='word_1_54' title='bbox 564 1128 678 1193; x_wconf 84' lang='lat' dir='ltr'><strong>applauso</strong></span> <span class='ocrx_word' id='word_1_55' title='bbox 695 1143 796 1191; x_wconf 87' lang='lat' dir='ltr'><strong>corpore</strong></span> <span class='ocrx_word' id='word_1_56' title='bbox 811 1127 921 1192; x_wconf 80' lang='lat' dir='ltr'><strong>palmis,</strong></span> 
     </span>
     <span class='ocr_line' id='line_1_9' title="bbox 273 1204 868 1271; baseline -0.008 -12"><span class='ocrx_word' id='word_1_57' title='bbox 273 1208 362 1259; x_wconf 84' lang='lat' dir='ltr'><strong>Desilit</strong></span> <span class='ocrx_word' id='word_1_58' title='bbox 372 1211 397 1258; x_wconf 87' lang='lat' dir='ltr'><strong>itt</strong></span> <span class='ocrx_word' id='word_1_59' title='bbox 409 1208 490 1256; x_wconf 86' lang='lat' dir='ltr'><strong>latices</strong></span> <span class='ocrx_word' id='word_1_60' title='bbox 502 1226 507 1255; x_wconf 74' lang='grc' dir='ltr'><strong><em>ι</em></strong></span> <span class='ocrx_word' id='word_1_61' title='bbox 521 1206 660 1271; x_wconf 87' lang='lat' dir='ltr'><strong>alternaque</strong></span> <span class='ocrx_word' id='word_1_62' title='bbox 673 1208 769 1255; x_wconf 89' lang='lat' dir='ltr'><strong>brachia</strong></span> <span class='ocrx_word' id='word_1_63' title='bbox 778 1204 868 1255; x_wconf 86' lang='lat' dir='ltr'><strong>ducens</strong></span> 
     </span>
     <span class='ocr_line' id='line_1_10' title="bbox 274 1285 889 1353; baseline -0.005 -17"><span class='ocrx_word' id='word_1_64' title='bbox 274 1287 302 1336; x_wconf 90' lang='lat' dir='ltr'><strong>ln</strong></span> <span class='ocrx_word' id='word_1_65' title='bbox 313 1285 411 1353; x_wconf 88' lang='lat' dir='ltr'><strong>liquidis</strong></span> <span class='ocrx_word' id='word_1_66' title='bbox 423 1286 548 1336; x_wconf 83' lang='lat' dir='ltr'><strong>transsucet</strong></span> <span class='ocrx_word' id='word_1_67' title='bbox 559 1290 626 1350; x_wconf 88' lang='lat' dir='ltr'><strong>aquis</strong></span> <span class='ocrx_word' id='word_1_68' title='bbox 637 1302 644 1331; x_wconf 76' lang='lat' dir='ltr'><strong>a</strong></span> <span class='ocrx_word' id='word_1_69' title='bbox 655 1299 683 1332; x_wconf 92' lang='lat' dir='ltr'><strong>ut</strong></span> <span class='ocrx_word' id='word_1_70' title='bbox 692 1285 795 1334; x_wconf 85' lang='lat' dir='ltr'><strong>eburnea</strong></span> <span class='ocrx_word' id='word_1_71' title='bbox 805 1287 825 1333; x_wconf 87' lang='lat' dir='ltr'><strong>si</strong></span> <span class='ocrx_word' id='word_1_72' title='bbox 836 1286 889 1349; x_wconf 88' lang='lat' dir='ltr'><strong>quis</strong></span> 
     </span>
    </p>

    <p class='ocr_par' dir='ltr' id='par_1_4' title="bbox 228 1357 966 1745">
     <span class='ocr_line' id='line_1_11' title="bbox 228 1357 852 1431; baseline -0.01 -16"><span class='ocrx_word' id='word_1_73' title='bbox 228 1375 254 1427; x_wconf 81' lang='lat'><strong>35</strong></span> <span class='ocrx_word' id='word_1_74' title='bbox 262 1367 346 1431; x_wconf 80' lang='lat' dir='ltr'><strong>5Signa</strong></span> <span class='ocrx_word' id='word_1_75' title='bbox 356 1380 420 1431; x_wconf 78' lang='lat' dir='ltr'><strong>tegat</strong></span> <span class='ocrx_word' id='word_1_76' title='bbox 430 1363 496 1413; x_wconf 83' lang='lat' dir='ltr'><strong>claro</strong></span> <span class='ocrx_word' id='word_1_77' title='bbox 507 1397 515 1420; x_wconf 80' lang='lat'><em>‚</em></span> <span class='ocrx_word' id='word_1_78' title='bbox 530 1362 569 1413; x_wconf 89' lang='lat' dir='ltr'><strong>vel</strong></span> <span class='ocrx_word' id='word_1_79' title='bbox 582 1357 686 1412; x_wconf 87' lang='lat' dir='ltr'><strong>candida</strong></span> <span class='ocrx_word' id='word_1_80' title='bbox 696 1361 764 1421; x_wconf 86' lang='lat' dir='ltr'><strong>lilia,</strong></span> <span class='ocrx_word' id='word_1_81' title='bbox 778 1365 852 1411; x_wconf 82' lang='lat' dir='ltr'><strong>vitro.</strong></span> 
     </span>
     <span class='ocr_line' id='line_1_12' title="bbox 274 1440 966 1504; baseline -0.007 -10"><span class='ocrx_word' id='word_1_82' title='bbox 274 1446 382 1494; x_wconf 85' lang='lat' dir='ltr'><strong>Vicimus</strong></span> <span class='ocrx_word' id='word_1_83' title='bbox 394 1479 402 1504; x_wconf 89' lang='lat'>,</span> <span class='ocrx_word' id='word_1_84' title='bbox 420 1458 450 1492; x_wconf 91' lang='lat' dir='ltr'><strong>en</strong></span> <span class='ocrx_word' id='word_1_85' title='bbox 461 1458 526 1492; x_wconf 88' lang='lat' dir='ltr'><strong>meus</strong></span> <span class='ocrx_word' id='word_1_86' title='bbox 537 1440 587 1499; x_wconf 86' lang='lat' dir='ltr'><strong>est,</strong></span> <span class='ocrx_word' id='word_1_87' title='bbox 605 1440 723 1489; x_wconf 74' lang='lat' dir='ltr'><strong>exclamat</strong></span> <span class='ocrx_word' id='word_1_88' title='bbox 735 1440 793 1489; x_wconf 85' lang='lat' dir='ltr'><strong>Nais</strong></span> <span class='ocrx_word' id='word_1_89' title='bbox 805 1460 812 1487; x_wconf 77' lang='lat' dir='ltr'><strong>a</strong></span> <span class='ocrx_word' id='word_1_90' title='bbox 824 1444 849 1488; x_wconf 73' lang='lat' dir='ltr'><strong>bt</strong></span> <span class='ocrx_word' id='word_1_91' title='bbox 861 1473 870 1498; x_wconf 91' lang='lat'>,</span> <span class='ocrx_word' id='word_1_92' title='bbox 889 1441 966 1489; x_wconf 80' lang='lat' dir='ltr'><strong>omni</strong></span> 
     </span>
     <span class='ocr_line' id='line_1_13' title="bbox 273 1516 877 1589; baseline -0.012 -16"><span class='ocrx_word' id='word_1_93' title='bbox 273 1522 343 1573; x_wconf 85' lang='lat' dir='ltr'><strong>Velle</strong></span> <span class='ocrx_word' id='word_1_94' title='bbox 354 1520 436 1589; x_wconf 91' lang='lat' dir='ltr'><strong>procul</strong></span> <span class='ocrx_word' id='word_1_95' title='bbox 447 1520 526 1587; x_wconf 67' lang='lat' dir='ltr'><strong>jassi,</strong></span> <span class='ocrx_word' id='word_1_96' title='bbox 544 1518 631 1569; x_wconf 88' lang='lat' dir='ltr'><strong>mediis</strong></span> <span class='ocrx_word' id='word_1_97' title='bbox 639 1522 780 1569; x_wconf 85' lang='lat' dir='ltr'><strong>immittitur</strong></span> <span class='ocrx_word' id='word_1_98' title='bbox 790 1516 877 1573; x_wconf 86' lang='lat' dir='ltr'><strong>undis,</strong></span> 
     </span>
     <span class='ocr_line' id='line_1_14' title="bbox 273 1597 916 1666; baseline -0.006 -16"><span class='ocrx_word' id='word_1_99' title='bbox 273 1600 456 1666; x_wconf 80' lang='lat' dir='ltr'><strong>Pugnacemque</strong></span> <span class='ocrx_word' id='word_1_100' title='bbox 467 1613 549 1648; x_wconf 86' lang='lat' dir='ltr'><strong>tenet:</strong></span> <span class='ocrx_word' id='word_1_101' title='bbox 561 1598 720 1664; x_wconf 78' lang='lat' dir='ltr'><strong>lusiantiaque</strong></span> <span class='ocrx_word' id='word_1_102' title='bbox 731 1597 813 1647; x_wconf 89' lang='lat' dir='ltr'><strong>oscula</strong></span> <span class='ocrx_word' id='word_1_103' title='bbox 821 1600 916 1661; x_wconf 75' lang='lat' dir='ltr'><strong>carpit3</strong></span> 
     </span>
     <span class='ocr_line' id='line_1_15' title="bbox 274 1679 912 1745; baseline -0.005 -18"><span class='ocrx_word' id='word_1_104' title='bbox 274 1679 440 1745; x_wconf 71' lang='lat' dir='ltr'><strong>Subjesiatque</strong></span> <span class='ocrx_word' id='word_1_105' title='bbox 453 1692 555 1736; x_wconf 83' lang='lat' dir='ltr'><strong>marrus,</strong></span> <span class='ocrx_word' id='word_1_106' title='bbox 573 1680 697 1742; x_wconf 82' lang='lat' dir='ltr'><strong>invitaque</strong></span> <span class='ocrx_word' id='word_1_107' title='bbox 709 1680 804 1742; x_wconf 75' lang='lat' dir='ltr'><strong>pestora</strong></span> <span class='ocrx_word' id='word_1_108' title='bbox 814 1679 892 1741; x_wconf 76' lang='lat' dir='ltr'><strong>tangit</strong></span> <span class='ocrx_word' id='word_1_109' title='bbox 903 1693 912 1734; x_wconf 76' lang='lat'>3</span> 
     </span>
    </p>

    <p class='ocr_par' dir='ltr' id='par_1_5' title="bbox 228 1754 944 2137">
     <span class='ocr_line' id='line_1_16' title="bbox 228 1754 918 1817; baseline -0.003 -10"><span class='ocrx_word' id='word_1_110' title='bbox 228 1756 305 1812; x_wconf 78' lang='lat' dir='ltr'><strong>3⁶0Et</strong></span> <span class='ocrx_word' id='word_1_111' title='bbox 317 1774 379 1806; x_wconf 91' lang='lat' dir='ltr'><strong>nunc</strong></span> <span class='ocrx_word' id='word_1_112' title='bbox 390 1756 434 1807; x_wconf 77' lang='lat' dir='ltr'><strong>hic</strong></span> <span class='ocrx_word' id='word_1_113' title='bbox 445 1759 523 1817; x_wconf 83' lang='lat' dir='ltr'><strong>iuveni</strong></span> <span class='ocrx_word' id='word_1_114' title='bbox 535 1790 544 1813; x_wconf 90' lang='lat'>,</span> <span class='ocrx_word' id='word_1_115' title='bbox 561 1772 625 1803; x_wconf 88' lang='lat' dir='ltr'><strong>nuuc</strong></span> <span class='ocrx_word' id='word_1_116' title='bbox 637 1754 838 1805; x_wconf 84' lang='lat' dir='ltr'><strong>circumfunditur</strong></span> <span class='ocrx_word' id='word_1_117' title='bbox 849 1754 918 1805; x_wconf 76' lang='lat' dir='ltr'><strong>illic.</strong></span> 
     </span>
     <span class='ocr_line' id='line_1_17' title="bbox 271 1834 884 1901; baseline -0.003 -16"><span class='ocrx_word' id='word_1_118' title='bbox 271 1836 382 1901; x_wconf 86' lang='lat' dir='ltr'><strong>Denique</strong></span> <span class='ocrx_word' id='word_1_119' title='bbox 393 1839 509 1885; x_wconf 81' lang='lat' dir='ltr'><strong>nitentem</strong></span> <span class='ocrx_word' id='word_1_120' title='bbox 521 1848 624 1893; x_wconf 86' lang='lat' dir='ltr'><strong>contra,</strong></span> <span class='ocrx_word' id='word_1_121' title='bbox 639 1834 749 1899; x_wconf 82' lang='lat' dir='ltr'><strong>elabique</strong></span> <span class='ocrx_word' id='word_1_122' title='bbox 759 1834 884 1883; x_wconf 84' lang='lat' dir='ltr'><strong>volentem</strong></span> 
     </span>
     <span class='ocr_line' id='line_1_18' title="bbox 272 1911 913 1979; baseline -0.003 -16"><span class='ocrx_word' id='word_1_123' title='bbox 272 1914 384 1979; x_wconf 81' lang='lat' dir='ltr'><strong>implicat</strong></span> <span class='ocrx_word' id='word_1_124' title='bbox 397 1950 404 1972; x_wconf 91' lang='lat'>‚</span> <span class='ocrx_word' id='word_1_125' title='bbox 421 1929 447 1962; x_wconf 95' lang='lat' dir='ltr'><strong>ut</strong></span> <span class='ocrx_word' id='word_1_126' title='bbox 459 1915 567 1977; x_wconf 87' lang='lat' dir='ltr'><strong>serpeus,</strong></span> <span class='ocrx_word' id='word_1_127' title='bbox 580 1929 654 1976; x_wconf 88' lang='lat' dir='ltr'><strong>quam</strong></span> <span class='ocrx_word' id='word_1_128' title='bbox 664 1917 729 1976; x_wconf 82' lang='lat' dir='ltr'><strong>regia</strong></span> <span class='ocrx_word' id='word_1_129' title='bbox 740 1913 837 1961; x_wconf 88' lang='lat' dir='ltr'><strong>sustinet</strong></span> <span class='ocrx_word' id='word_1_130' title='bbox 848 1911 913 1971; x_wconf 85' lang='lat' dir='ltr'><strong>ales,</strong></span> 
     </span>
     <span class='ocr_line' id='line_1_19' title="bbox 272 1989 944 2059; baseline -0.001 -18"><span class='ocrx_word' id='word_1_131' title='bbox 272 1992 452 2059; x_wconf 88' lang='lat' dir='ltr'><strong>Sublimemque</strong></span> <span class='ocrx_word' id='word_1_132' title='bbox 463 1995 524 2057; x_wconf 79' lang='lat' dir='ltr'><strong>rapit</strong></span> <span class='ocrx_word' id='word_1_133' title='bbox 535 2010 541 2039; x_wconf 78' lang='lat' dir='ltr'><strong>t</strong></span> <span class='ocrx_word' id='word_1_134' title='bbox 555 1989 660 2055; x_wconf 86' lang='lat' dir='ltr'><strong>pendeus</strong></span> <span class='ocrx_word' id='word_1_135' title='bbox 671 2008 744 2058; x_wconf 90' lang='lat' dir='ltr'><strong>caput</strong></span> <span class='ocrx_word' id='word_1_136' title='bbox 754 1992 813 2047; x_wconf 87' lang='lat' dir='ltr'><strong>illa,</strong></span> <span class='ocrx_word' id='word_1_137' title='bbox 825 1989 944 2057; x_wconf 79' lang='lat' dir='ltr'><strong>pedesque</strong></span> 
     </span>
     <span class='ocr_line' id='line_1_20' title="bbox 271 2069 829 2137; baseline 0.004 -19"><span class='ocrx_word' id='word_1_138' title='bbox 271 2069 379 2136; x_wconf 77' lang='lat' dir='ltr'><strong>Alligat,</strong></span> <span class='ocrx_word' id='word_1_139' title='bbox 391 2077 416 2122; x_wconf 75' lang='grc' dir='ltr'><strong>δι</strong></span> <span class='ocrx_word' id='word_1_140' title='bbox 428 2070 504 2122; x_wconf 72' lang='lat' dir='ltr'><strong>caudi</strong></span> <span class='ocrx_word' id='word_1_141' title='bbox 514 2073 640 2137; x_wconf 81' lang='lat' dir='ltr'><strong>spatiantes</strong></span> <span class='ocrx_word' id='word_1_142' title='bbox 652 2072 762 2137; x_wconf 87' lang='lat' dir='ltr'><strong>implicat</strong></span> <span class='ocrx_word' id='word_1_143' title='bbox 772 2072 829 2121; x_wconf 82' lang='lat' dir='ltr'><strong>alas.</strong></span> 
     </span>
    </p>

    <p class='ocr_par' dir='ltr' id='par_1_6' title="bbox 227 2147 926 2370">
     <span class='ocr_line' id='line_1_21' title="bbox 227 2147 869 2218; baseline -0.005 -17"><span class='ocrx_word' id='word_1_144' title='bbox 227 2147 339 2216; x_wconf 75' lang='lat' dir='ltr'><strong>365Utve</strong></span> <span class='ocrx_word' id='word_1_145' title='bbox 350 2151 428 2200; x_wconf 87' lang='lat' dir='ltr'><strong>solent</strong></span> <span class='ocrx_word' id='word_1_146' title='bbox 439 2148 530 2200; x_wconf 83' lang='lat' dir='ltr'><strong>hederae</strong></span> <span class='ocrx_word' id='word_1_147' title='bbox 542 2150 628 2218; x_wconf 81' lang='lat' dir='ltr'><strong>longos</strong></span> <span class='ocrx_word' id='word_1_148' title='bbox 639 2154 742 2200; x_wconf 79' lang='lat' dir='ltr'><strong>interere</strong></span> <span class='ocrx_word' id='word_1_149' title='bbox 754 2165 869 2208; x_wconf 71' lang='lat' dir='ltr'><strong>truntost</strong></span> 
     </span>
     <span class='ocr_line' id='line_1_22' title="bbox 271 2226 926 2295; baseline 0.003 -19"><span class='ocrx_word' id='word_1_150' title='bbox 271 2227 355 2295; x_wconf 91' lang='lat' dir='ltr'><strong>thue</strong></span> <span class='ocrx_word' id='word_1_151' title='bbox 364 2231 405 2278; x_wconf 92' lang='lat' dir='ltr'><strong>sub</strong></span> <span class='ocrx_word' id='word_1_152' title='bbox 419 2229 553 2294; x_wconf 79' lang='lat' dir='ltr'><strong>aequoribus</strong></span> <span class='ocrx_word' id='word_1_153' title='bbox 563 2227 706 2291; x_wconf 89' lang='lat' dir='ltr'><strong>deprensum</strong></span> <span class='ocrx_word' id='word_1_154' title='bbox 719 2229 821 2293; x_wconf 78' lang='lat' dir='ltr'><strong>polypus</strong></span> <span class='ocrx_word' id='word_1_155' title='bbox 832 2226 926 2278; x_wconf 77' lang='lat' dir='ltr'><strong>hostem</strong></span> 
     </span>
     <span class='ocr_line' id='line_1_23' title="bbox 271 2304 850 2370; baseline -0.01 -14"><span class='ocrx_word' id='word_1_156' title='bbox 271 2305 411 2364; x_wconf 84' lang='lat' dir='ltr'><strong>Continet,</strong></span> <span class='ocrx_word' id='word_1_157' title='bbox 428 2323 457 2356; x_wconf 86' lang='lat' dir='ltr'><strong>ex</strong></span> <span class='ocrx_word' id='word_1_158' title='bbox 470 2311 538 2354; x_wconf 89' lang='lat' dir='ltr'><strong>omni</strong></span> <span class='ocrx_word' id='word_1_159' title='bbox 550 2305 654 2354; x_wconf 87' lang='lat' dir='ltr'><strong>dimissis</strong></span> <span class='ocrx_word' id='word_1_160' title='bbox 664 2321 730 2369; x_wconf 88' lang='lat' dir='ltr'><strong>parte</strong></span> <span class='ocrx_word' id='word_1_161' title='bbox 740 2304 850 2370; x_wconf 77' lang='lat' dir='ltr'><strong>flagellis.</strong></span> 
     </span>
    </p>

    <p class='ocr_par' dir='ltr' id='par_1_7' title="bbox 164 2379 945 2527">
     <span class='ocr_line' id='line_1_24' title="bbox 164 2379 929 2447; baseline -0.005 -12"><span class='ocrx_word' id='word_1_162' title='bbox 164 2379 168 2384; x_wconf 36' lang='lat'>⁵</span> <span class='ocrx_word' id='word_1_163' title='bbox 271 2385 360 2435; x_wconf 84' lang='lat' dir='ltr'><strong>Perstat</strong></span> <span class='ocrx_word' id='word_1_164' title='bbox 373 2383 540 2437; x_wconf 79' lang='lat' dir='ltr'><strong>Atlantiades,</strong></span> <span class='ocrx_word' id='word_1_165' title='bbox 556 2385 693 2447; x_wconf 85' lang='lat' dir='ltr'><strong>sperataque</strong></span> <span class='ocrx_word' id='word_1_166' title='bbox 709 2380 795 2445; x_wconf 68' lang='lat' dir='ltr'><strong>gaudia</strong></span> <span class='ocrx_word' id='word_1_167' title='bbox 806 2380 929 2445; x_wconf 69' lang='lat' dir='ltr'><strong>Nympha</strong></span> 
     </span>
     <span class='ocr_line' id='line_1_25' title="bbox 273 2457 945 2527; baseline -0.004 -16"><span class='ocrx_word' id='word_1_168' title='bbox 273 2463 400 2527; x_wconf 84' lang='lat' dir='ltr'><strong>Denegat:</strong></span> <span class='ocrx_word' id='word_1_169' title='bbox 414 2461 456 2510; x_wconf 89' lang='lat' dir='ltr'><strong>illa</strong></span> <span class='ocrx_word' id='word_1_170' title='bbox 467 2463 554 2526; x_wconf 86' lang='lat' dir='ltr'><strong>premit</strong></span> <span class='ocrx_word' id='word_1_171' title='bbox 566 2494 574 2516; x_wconf 87' lang='lat'>‚</span> <span class='ocrx_word' id='word_1_172' title='bbox 594 2457 766 2526; x_wconf 81' lang='lat' dir='ltr'><strong>commissaque</strong></span> <span class='ocrx_word' id='word_1_173' title='bbox 778 2475 879 2524; x_wconf 87' lang='lat' dir='ltr'><strong>corpote</strong></span> <span class='ocrx_word' id='word_1_174' title='bbox 891 2473 945 2510; x_wconf 90' lang='lat' dir='ltr'><strong>toto</strong></span> 
     </span>
    </p>

    <p class='ocr_par' dir='ltr' id='par_1_8' title="bbox 225 2536 944 2619">
     <span class='ocr_line' id='line_1_26' title="bbox 225 2536 944 2619; baseline -0.006 -29"><span class='ocrx_word' id='word_1_175' title='bbox 225 2544 337 2619; x_wconf 72' lang='lat' dir='ltr'><strong>37081cut</strong></span> <span class='ocrx_word' id='word_1_176' title='bbox 347 2543 494 2597; x_wconf 69' lang='lat' dir='ltr'><strong>inherebat,</strong></span> <span class='ocrx_word' id='word_1_177' title='bbox 517 2543 606 2602; x_wconf 65' lang='lat' dir='ltr'><strong>Dugues</strong></span> <span class='ocrx_word' id='word_1_178' title='bbox 617 2538 674 2587; x_wconf 90' lang='lat' dir='ltr'><strong>licet</strong></span> <span class='ocrx_word' id='word_1_179' title='bbox 689 2573 698 2595; x_wconf 90' lang='lat'>,</span> <span class='ocrx_word' id='word_1_180' title='bbox 711 2540 822 2603; x_wconf 85' lang='lat' dir='ltr'><strong>improbe</strong></span> <span class='ocrx_word' id='word_1_181' title='bbox 835 2572 843 2596; x_wconf 92' lang='lat'><strong><em>‚</em></strong></span> <span class='ocrx_word' id='word_1_182' title='bbox 861 2536 944 2598; x_wconf 80' lang='lat' dir='ltr'><strong>dixit,</strong></span> 
     </span>
    </p>

    <p class='ocr_par' dir='ltr' id='par_1_9' title="bbox 182 2615 926 2754">
     <span class='ocr_line' id='line_1_27' title="bbox 182 2615 926 2683; baseline -0.009 -10"><span class='ocrx_word' id='word_1_183' title='bbox 182 2651 187 2673; x_wconf 66' lang='lat' dir='ltr'><strong>t</strong></span> <span class='ocrx_word' id='word_1_184' title='bbox 273 2620 328 2670; x_wconf 91' lang='lat' dir='ltr'><strong>Nou</strong></span> <span class='ocrx_word' id='word_1_185' title='bbox 340 2635 419 2670; x_wconf 88' lang='lat' dir='ltr'><strong>tamen</strong></span> <span class='ocrx_word' id='word_1_186' title='bbox 430 2617 538 2683; x_wconf 82' lang='lat' dir='ltr'><strong>eil&#39;ugies.</strong></span> <span class='ocrx_word' id='word_1_187' title='bbox 555 2619 607 2672; x_wconf 81' lang='lat' dir='ltr'><strong>lta,</strong></span> <span class='ocrx_word' id='word_1_188' title='bbox 620 2616 672 2671; x_wconf 78' lang='lat' dir='ltr'><strong>ut,</strong></span> <span class='ocrx_word' id='word_1_189' title='bbox 685 2618 804 2679; x_wconf 75' lang='lat' dir='ltr'><strong>jubearis3</strong></span> <span class='ocrx_word' id='word_1_190' title='bbox 818 2620 845 2666; x_wconf 74' lang='lat' dir='ltr'><strong>bt</strong></span> <span class='ocrx_word' id='word_1_191' title='bbox 854 2615 926 2666; x_wconf 82' lang='lat' dir='ltr'><strong>ilium</strong></span> 
     </span>
     <span class='ocr_line' id='line_1_28' title="bbox 270 2693 827 2754; baseline -0.013 -4"><span class='ocrx_word' id='word_1_192' title='bbox 270 2697 345 2750; x_wconf 87' lang='lat' dir='ltr'><strong>Nulla</strong></span> <span class='ocrx_word' id='word_1_193' title='bbox 357 2697 413 2746; x_wconf 83' lang='lat' dir='ltr'><strong>Dies</strong></span> <span class='ocrx_word' id='word_1_194' title='bbox 424 2713 438 2745; x_wconf 85' lang='lat' dir='ltr'><strong>a</strong></span> <span class='ocrx_word' id='word_1_195' title='bbox 449 2713 486 2745; x_wconf 89' lang='lat' dir='ltr'><strong>me</strong></span> <span class='ocrx_word' id='word_1_196' title='bbox 497 2731 504 2754; x_wconf 94' lang='lat'>,</span> <span class='ocrx_word' id='word_1_197' title='bbox 520 2713 563 2744; x_wconf 89' lang='lat' dir='ltr'><strong>nec</strong></span> <span class='ocrx_word' id='word_1_198' title='bbox 575 2710 614 2744; x_wconf 90' lang='lat' dir='ltr'><strong>me</strong></span> <span class='ocrx_word' id='word_1_199' title='bbox 626 2693 723 2745; x_wconf 86' lang='lat' dir='ltr'><strong>seducat</strong></span> <span class='ocrx_word' id='word_1_200' title='bbox 733 2698 763 2743; x_wconf 90' lang='lat' dir='ltr'><strong>ab</strong></span> <span class='ocrx_word' id='word_1_201' title='bbox 774 2696 827 2744; x_wconf 85' lang='lat' dir='ltr'><strong>isto.</strong></span> 
     </span>
    </p>

    <p class='ocr_par' dir='ltr' id='par_1_10' title="bbox 271 2773 881 2828">
     <span class='ocr_line' id='line_1_29' title="bbox 271 2773 881 2828; baseline -0.01 0"><span class='ocrx_word' id='word_1_202' title='bbox 271 2779 336 2828; x_wconf 87' lang='lat' dir='ltr'><strong>Vota</strong></span> <span class='ocrx_word' id='word_1_203' title='bbox 347 2779 400 2826; x_wconf 87' lang='lat' dir='ltr'><strong>suos</strong></span> <span class='ocrx_word' id='word_1_204' title='bbox 411 2777 512 2824; x_wconf 82' lang='lat' dir='ltr'><strong>habuere</strong></span> <span class='ocrx_word' id='word_1_205' title='bbox 525 2775 590 2823; x_wconf 88' lang='lat' dir='ltr'><strong>Deos</strong></span> <span class='ocrx_word' id='word_1_206' title='bbox 603 2794 609 2823; x_wconf 75' lang='grc' dir='ltr'><strong><em>ε</em></strong></span> <span class='ocrx_word' id='word_1_207' title='bbox 622 2792 678 2824; x_wconf 87' lang='lat' dir='ltr'><strong>nam</strong></span> <span class='ocrx_word' id='word_1_208' title='bbox 692 2780 765 2823; x_wconf 82' lang='lat' dir='ltr'><strong>mixta</strong></span> <span class='ocrx_word' id='word_1_209' title='bbox 776 2773 881 2823; x_wconf 84' lang='lat' dir='ltr'><strong>duorum</strong></span> 
     </span>
    </p>

    <p class='ocr_par' dir='ltr' id='par_1_11' title="bbox 226 2845 871 2996">
     <span class='ocr_line' id='line_1_30' title="bbox 272 2845 861 2920; baseline -0.014 -14"><span class='ocrx_word' id='word_1_210' title='bbox 272 2855 382 2920; x_wconf 88' lang='lat' dir='ltr'><strong>Corpora</strong></span> <span class='ocrx_word' id='word_1_211' title='bbox 392 2859 540 2919; x_wconf 79' lang='lat' dir='ltr'><strong>junguntur,</strong></span> <span class='ocrx_word' id='word_1_212' title='bbox 552 2845 673 2918; x_wconf 71' lang='lat' dir='ltr'><strong>&#39;faciesque</strong></span> <span class='ocrx_word' id='word_1_213' title='bbox 684 2852 805 2902; x_wconf 85' lang='lat' dir='ltr'><strong>inducitur</strong></span> <span class='ocrx_word' id='word_1_214' title='bbox 813 2851 861 2899; x_wconf 86' lang='lat' dir='ltr'><strong>illis</strong></span> 
     </span>
     <span class='ocr_line' id='line_1_31' title="bbox 226 2929 871 2996; baseline -0.006 -15"><span class='ocrx_word' id='word_1_215' title='bbox 226 2935 326 2989; x_wconf 82' lang='lat' dir='ltr'><strong>375Una</strong></span> <span class='ocrx_word' id='word_1_216' title='bbox 339 2952 344 2980; x_wconf 73' lang='grc' dir='ltr'><strong><em>ε</em></strong></span> <span class='ocrx_word' id='word_1_217' title='bbox 357 2932 423 2981; x_wconf 87' lang='lat' dir='ltr'><strong>velut</strong></span> <span class='ocrx_word' id='word_1_218' title='bbox 434 2935 452 2980; x_wconf 87' lang='lat' dir='ltr'><strong>si</strong></span> <span class='ocrx_word' id='word_1_219' title='bbox 465 2934 531 2996; x_wconf 86' lang='lat' dir='ltr'><strong>quis,</strong></span> <span class='ocrx_word' id='word_1_220' title='bbox 546 2929 664 2980; x_wconf 76' lang='lat' dir='ltr'><strong>condusii</strong></span> <span class='ocrx_word' id='word_1_221' title='bbox 674 2935 779 2986; x_wconf 84' lang='lat' dir='ltr'><strong>cortice,</strong></span> <span class='ocrx_word' id='word_1_222' title='bbox 791 2945 871 2978; x_wconf 82' lang='lat' dir='ltr'><strong>ramos</strong></span> 
     </span>
    </p>

    <p class='ocr_par' dir='ltr' id='par_1_12' title="bbox 273 3007 910 3076">
     <span class='ocr_line' id='line_1_32' title="bbox 273 3007 910 3076; baseline -0.009 -15"><span class='ocrx_word' id='word_1_223' title='bbox 273 3008 410 3062; x_wconf 85' lang='lat' dir='ltr'><strong>Cresceudo</strong></span> <span class='ocrx_word' id='word_1_224' title='bbox 422 3013 504 3076; x_wconf 79' lang='lat' dir='ltr'><strong>jungi,</strong></span> <span class='ocrx_word' id='word_1_225' title='bbox 519 3013 651 3074; x_wconf 86' lang='lat' dir='ltr'><strong>pariterque</strong></span> <span class='ocrx_word' id='word_1_226' title='bbox 663 3007 797 3058; x_wconf 83' lang='lat' dir='ltr'><strong>adolescere</strong></span> <span class='ocrx_word' id='word_1_227' title='bbox 807 3018 890 3056; x_wconf 72' lang='lat' dir='ltr'><strong>cernar</strong></span> <span class='ocrx_word' id='word_1_228' title='bbox 902 3009 910 3036; x_wconf 70' lang='lat'>³</span> 
     </span>
    </p>

    <p class='ocr_par' dir='ltr' id='par_1_13' title="bbox 272 3087 845 3154">
     <span class='ocr_line' id='line_1_33' title="bbox 272 3087 845 3154; baseline -0.007 -16"><span class='ocrx_word' id='word_1_229' title='bbox 272 3091 311 3138; x_wconf 80' lang='lat' dir='ltr'><strong>sic</strong></span> <span class='ocrx_word' id='word_1_230' title='bbox 322 3092 363 3137; x_wconf 84' lang='lat' dir='ltr'><strong>ubi</strong></span> <span class='ocrx_word' id='word_1_231' title='bbox 374 3087 501 3154; x_wconf 81' lang='lat' dir='ltr'><strong>complexu</strong></span> <span class='ocrx_word' id='word_1_232' title='bbox 512 3093 623 3138; x_wconf 86' lang='lat' dir='ltr'><strong>coierunt</strong></span> <span class='ocrx_word' id='word_1_233' title='bbox 634 3089 740 3136; x_wconf 85' lang='lat' dir='ltr'><strong>membra</strong></span> <span class='ocrx_word' id='word_1_234' title='bbox 751 3089 845 3145; x_wconf 87' lang='lat' dir='ltr'><strong>tenaci,</strong></span> 
     </span>
    </p>

    <p class='ocr_par' dir='ltr' id='par_1_14' title="bbox 271 3161 946 3232">
     <span class='ocr_line' id='line_1_34' title="bbox 271 3161 946 3232; baseline -0.006 -16"><span class='ocrx_word' id='word_1_235' title='bbox 271 3166 324 3216; x_wconf 88' lang='lat' dir='ltr'><strong>Nec</strong></span> <span class='ocrx_word' id='word_1_236' title='bbox 335 3166 384 3217; x_wconf 89' lang='lat' dir='ltr'><strong>duo</strong></span> <span class='ocrx_word' id='word_1_237' title='bbox 395 3171 465 3228; x_wconf 90' lang='lat' dir='ltr'><strong>sunt,</strong></span> <span class='ocrx_word' id='word_1_238' title='bbox 477 3172 502 3218; x_wconf 74' lang='lat' dir='ltr'><strong>bc</strong></span> <span class='ocrx_word' id='word_1_239' title='bbox 515 3167 593 3216; x_wconf 87' lang='lat' dir='ltr'><strong>forma</strong></span> <span class='ocrx_word' id='word_1_240' title='bbox 605 3165 691 3232; x_wconf 80' lang='lat' dir='ltr'><strong>duplex</strong></span> <span class='ocrx_word' id='word_1_241' title='bbox 704 3185 710 3214; x_wconf 83' lang='lat' dir='ltr'><strong>t</strong></span> <span class='ocrx_word' id='word_1_242' title='bbox 723 3181 766 3215; x_wconf 90' lang='lat' dir='ltr'><strong>nec</strong></span> <span class='ocrx_word' id='word_1_243' title='bbox 778 3165 867 3213; x_wconf 81' lang='lat' dir='ltr'><strong>semina</strong></span> <span class='ocrx_word' id='word_1_244' title='bbox 879 3161 946 3224; x_wconf 79' lang='lat' dir='ltr'><strong>clici,</strong></span> 
     </span>
    </p>

    <p class='ocr_par' dir='ltr' id='par_1_15' title="bbox 272 3242 993 3313">
     <span class='ocr_line' id='line_1_35' title="bbox 272 3242 993 3313; baseline -0.006 -17"><span class='ocrx_word' id='word_1_245' title='bbox 272 3244 324 3296; x_wconf 84' lang='lat' dir='ltr'><strong>Nec</strong></span> <span class='ocrx_word' id='word_1_246' title='bbox 329 3261 419 3310; x_wconf 90' lang='lat' dir='ltr'><strong>puerut</strong></span> <span class='ocrx_word' id='word_1_247' title='bbox 423 3249 514 3312; x_wconf 85' lang='lat' dir='ltr'><strong>possint</strong></span> <span class='ocrx_word' id='word_1_248' title='bbox 523 3265 529 3296; x_wconf 77' lang='lat' dir='ltr'><strong>t</strong></span> <span class='ocrx_word' id='word_1_249' title='bbox 537 3249 727 3313; x_wconf 80' lang='lat' dir='ltr'><strong>neutrumque&amp;</strong></span> <span class='ocrx_word' id='word_1_250' title='bbox 735 3242 993 3311; x_wconf 79' lang='lat' dir='ltr'><strong>utrumquetidtntut.</strong></span> 
     </span>
    </p>
   </div>
   <div class='ocr_carea' id='block_1_3' title="bbox 0 0 1172 4150">
    <p class='ocr_par' dir='ltr' id='par_1_16' title="bbox 0 0 1172 4150">
     <span class='ocr_line' id='line_1_36' title="bbox 0 0 1172 4150; baseline 0 3"><span class='ocrx_word' id='word_1_251' title='bbox 0 0 1172 4150; x_wconf 95' lang='lat' dir='ltr'><strong> </strong></span> 
     </span>
    </p>
   </div>
  </div>
 </body>
</html>
