2334 4150
258 543 327 607 124
403 517 447 590 P.
467 522 623 594 Ovrmr
642 522 836 590 NAsorrrs

212 697 217 704 ⁴
255 640 358 691 Gefferit
369 660 375 690 r
388 655 414 691 ut
424 641 501 706 pastor
511 639 650 692 Macareida
660 641 742 697 luserit
753 639 824 695 lisen.

207 720 324 777 utlibet
334 736 361 768 ut
371 720 490 782 Erigonen
505 718 566 768 falsi
575 716 696 784 deceperit
708 719 754 768 uvi
765 737 773 778 3

255 797 289 846 Ut
299 799 410 849 Saturnus
419 811 481 861 equo
491 798 616 861 geminum
626 795 734 846 Chirona
745 800 839 850 crearit.

252 874 345 922 Ultima
357 890 409 938 pars
422 873 492 934 telae,
508 878 574 924 tenui
584 873 732 928 circumdata
743 875 837 938 limbo,

255 951 379 1002 Nexilibus
389 949 459 1002 flores
474 950 567 1009 hederis
577 954 648 1010 habet
659 957 809 1005 intertextos.

280 1110 338 1160 Non
347 1109 409 1163 illud
419 1111 512 1172 Palles,
525 1129 574 1162 non
584 1109 647 1164 illud
657 1129 751 1178 carpere
763 1113 836 1163 liuor

203 1189 327 1247 irol’ossit
337 1205 405 1254 opus.
417 1189 506 1241 Doluit
517 1187 622 1240 succellu
634 1188 696 1241 fla'va
706 1191 813 1256 Viragor

249 1268 280 1316 Et
290 1272 354 1333 rupit
364 1269 436 1332 pistae
447 1303 457 1328 ,
471 1268 576 1318 coeleliia
590 1271 708 1324 crimina,
722 1269 805 1320 vestes.

248 1345 331 1412 thue
341 1345 476 1408 Cytoriaco
490 1344 584 1395 radium
596 1343 625 1394 de
637 1360 720 1396 monte
735 1349 847 1406 tenebat,

248 1425 298 1472 Ter
307 1439 390 1490 quater
403 1421 520 1478 Idmoniae
530 1423 637 1476 frontem
651 1428 765 1488 percussit
777 1427 902 1476 Arachnes.

248 1501 307 1552 Non
318 1502 375 1552 tulit
385 1501 470 1550 infelix
482 1535 491 1561 ,
509 1501 643 1567 laqueoque
654 1504 762 1554 animosa
772 1503 855 1566 ligavit

202 1581 353 1632 1sicunurn
364 1598 369 1627 r
382 1576 528 1643 pendentem
538 1578 616 1627 Pallas
627 1581 737 1629 miserata
746 1579 834 1630 levavit
843 1598 851 1638 3

250 1659 328 1724 Atque
334 1655 552 1722 ita‚Vivequidem
559 1691 568 1716 ,
576 1655 653 1721 pende
662 1673 755 1711 tamen,
764 1659 884 1722 improba,
891 1656 968 1720 dixin

249 1737 344 1801 Lexque
355 1731 437 1783 endem
449 1749 543 1798 piene,
559 1749 590 1782 ne
601 1736 631 1783 ris
642 1735 722 1782 secura
733 1733 825 1794 futuri,

248 1813 319 1862 Diua
330 1828 373 1862 tuo
382 1813 481 1875 generi,
500 1811 601 1874 serisque
612 1810 738 1874 nepotibus
749 1809 806 1858 esto.

248 1890 303 1940 Post
317 1907 344 1939 ea
355 1886 477 1938 discedens
489 1883 564 1936 su'ccis
575 1884 719 1936 Hecateidos
729 1888 808 1937 herba

203 1969 342 2033 rgoSpargit
353 1984 360 2015 s
373 1969 398 2016 δι
409 1964 530 2030 extemplo
541 1964 599 2014 trilli
611 1962 769 2014 medicamine
780 1968 845 2015 telin

248 2043 374 2097 Delluxere
387 2060 481 2104 come,
498 2059 602 2109 cumque
613 2044 648 2092 his
660 2045 684 2092 lit
699 2047 762 2093 naris
777 2047 801 2093 lic
817 2047 889 2097 auris.

248 2125 333 2191 fitque
343 2137 415 2189 caput
424 2125 570 2177 minimum,
587 2137 687 2187 totoque
697 2124 723 2171 in
733 2138 833 2187 corpore
843 2141 915 2188 parva
925 2126 967 2175 est.

248 2204 276 2252 ln
290 2204 364 2255 lettre
373 2201 445 2251 exiles
456 2198 526 2265 digiti
537 2217 581 2266 pro
595 2200 701 2249 cruribus
716 2201 805 2250 haerent
817 2219 827 2260 3

249 2282 337 2333 Cetera
346 2295 429 2333 venter
439 2279 531 2336 haber:
547 2276 577 2326 de
592 2293 641 2343 quo
654 2293 735 2327 tamen
749 2277 791 2329 illa
805 2279 907 2329 remittit
970 2272 980 2278 ”

203 2362 366 2422 14581amen‚
383 2362 409 2409 dc
420 2359 528 2422 antiquas
538 2370 631 2413 exercet
642 2370 725 2409 aranea
736 2355 803 2407 telas.

281 2515 358 2580 Lydia
367 2530 419 2566 tote
430 2514 511 2565 fremit
522 2533 528 2563 r
540 2514 698 2581 Phrygiaeque
707 2532 747 2581 per
758 2514 847 2582 oppida
858 2517 913 2575 fasti

248 2596 341 2645 Rumor
351 2597 388 2654 it,
404 2598 429 2643 δι
439 2609 555 2658 magnum
570 2594 719 2642 sermonibus
733 2610 836 2661 occupat
847 2596 942 2649 orbem.

248 2674 310 2721 Ante
326 2672 380 2721 suos
395 2671 475 2721 Niobe
491 2670 610 2720 thalamos
625 2688 770 2737 cognoverat
784 2674 873 2729 illam,

249 2751 315 2801 Tum
330 2749 386 2800 crim
401 2750 532 2799 Maeoniam
546 2751 615 2813 virgo
630 2751 785 2817 Sipylumque
800 2752 904 2801 colebat.

205 2828 302 2882 ¹50Nec
313 2843 395 2881 temen
405 2824 531 2876 admonita
541 2826 574 2875 est
583 2826 655 2890 poeni
666 2827 785 2892 popularis
795 2828 913 2882 Arachnes

250 2903 344 2955 Cedere
354 2902 502 2962 Coelitilrus‚
520 2904 646 2969 verbisque
656 2907 787 2952 minoribus
798 2908 842 2953 uti.

249 2981 332 3035 Multa
340 2978 429 3030 dabant
439 2983 532 3030 mimos
543 3000 549 3030 ι
562 2978 603 3029 sed
613 2984 678 3030 enim
688 2996 732 3028 nec
742 2983 849 3044 coniugis
859 2996 939 3045 artes,

251 3058 303 3108 Nec
315 3074 389 3123 genus
400 3059 545 3118 amborum,
555 3060 683 3123 magnique
693 3058 799 3122 potentia
810 3062 894 3121 regni,

251 3136 288 3183 Sic
303 3136 411 3199 placuere
421 3135 476 3195 illi,
492 3137 600 3202 quamvis
611 3152 638 3183 ea
648 3137 731 3185 cuniis
739 3134 883 3199 placebant,

205 3209 287 3261 ¹55Ur
296 3213 337 3261 sus
345 3216 485 3278 progenies:
499 3217 526 3263 δι
536 3212 672 3263 felicissima
682 3228 786 3263 matrum
