2334 4150
202 491 623 570 Meruuonrrrornou
645 499 684 569 l.
709 499 773 569 ΙΧ.
801 504 866 586 217

166 615 338 686 Quodqueeg'm
351 611 868 686 vultgenitomvttltlpsmsoeerque'futurus!
920 625 924 633 '

166 699 196 748 At
205 715 249 747 nott
265 697 318 748 vult
329 697 419 748 Natura
430 729 437 759 ,
449 701 570 762 potentior
580 701 693 747 omuibus
702 699 751 747 istis
758 732 767 758 ,

167 777 221 836 Qute
232 778 291 824 mihi
302 776 354 825 iola
361 791 442 825 nocet.
462 777 532 824 Venit
543 792 597 826 ecce
610 775 717 840 optabile
728 790 840 840 tempus,

165 854 257 918 luxque
266 852 352 922 jugalis
363 851 428 902 adest
438 887 446 912 ,
458 868 485 902 ut
494 857 543 919 jam
553 869 608 904 mea
616 852 659 903 fiat
676 854 776 913 lanthep

167 930 215 980 Nec
229 934 289 980 mihi
304 933 430 995 continget
441 949 448 979 e
459 923 544 980 mediis
558 935 664 980 sitiemus
676 934 703 980 in
716 929 796 980 undis.
874 933 923 987 '7⁶⁶

167 1009 271 1058 Pronuba
281 1007 340 1073 quid
348 1009 410 1057 luno
420 1043 428 1067 ,
440 1006 499 1074 quid
509 1006 540 1058 ad
550 1011 601 1058 haec
612 1037 620 1068 ‚
633 1009 776 1071 Hymenaee,
787 1010 874 1058 venitis

167 1089 233 1138 Sacra
243 1089 251 1135 Ξ
266 1087 400 1152 quibusqui
410 1083 569 1144 duceretur,
579 1087 620 1134 ubi
629 1087 742 1135 nubimus
752 1088 839 1135 ambae

198 1164 281 1212 Pressit
293 1164 322 1212 ab
339 1166 375 1212 his
388 1180 486 1213 vocem:
500 1180 544 1212 net
555 1163 631 1212 lenitis
641 1163 714 1213 altera
724 1167 793 1230 virgo

165 1241 271 1293 ristun:
284 1256 356 1306 utque
367 1239 429 1290 celer
439 1242 530 1300 venias,
551 1241 681 1304 Hymenaee
695 1253 830 1306 ‚precatura
871 1250 924 1301 764

165 1317 236 1378 Quod
242 1321 302 1382 petit
314 1321 373 1380 ltaec,
381 1317 507 1369 Telethusa
515 1323 612 1379 timens,
624 1317 700 1368 modo
711 1335 819 1384 tempora
830 1317 920 1370 differte

167 1395 253 1455 Nunc,
274 1394 328 1444 fluo
340 1395 469 1460 languore,
482 1413 575 1448 moram
587 1399 668 1446 trahit.
681 1397 770 1446 Omnia
781 1389 859 1462 saepe,

166 1471 267 1538 Visaque
282 1475 397 1522 causatur.
409 1471 456 1522 Sed
469 1477 518 1538 jam
528 1475 690 1522 consumserat
699 1488 800 1522 onmem

166 1548 293 1599 Materiam
303 1548 368 1599 ficii:
386 1549 507 1614 dilataque
518 1566 626 1616 tempora
637 1549 706 1600 taedae

166 1625 316 1685 intuterant,
334 1643 440 1693 urtutque
455 1627 505 1678 diet
522 1629 623 1679 restabat
634 1647 641 1678 a
652 1644 677 1678 at
686 1629 731 1681 illa

167 1702 289 1754 Crinalem
302 1708 373 1768 capiti
383 1707 468 1756 vittam
478 1720 587 1772 nataque
594 1708 686 1772 tibique
880 1715 928 1768 770

166 1781 294 1836 Detrahit:
308 1787 348 1842 δι,
363 1785 434 1848 pateis
445 1799 509 1832 atam
519 1783 645 1850 complexa
651 1784 745 1850 capillis
751 1819 762 1848 ,

166 1856 216 1922 lsi,
236 1861 394 1910 Paraetonium
405 1892 412 1918 ,
428 1860 608 1927 Mareoticaque
618 1877 688 1916 arva,
700 1863 841 1928 Pharonque
852 1890 861 1924 t

167 1938 228 1998 Quae
239 1938 314 1992 colis.
330 1941 355 1986 δι
371 1939 460 2002 septem
471 1936 587 2002 digestum
601 1942 629 1988 in
641 1955 732 1988 cornua
742 1940 845 1994 Nilum,

166 2015 228 2077 Per,
242 2032 342 2081 precor,
354 2018 446 2081 inquit,
457 2033 528 2081 opem
537 2035 543 2064 t
551 2017 679 2082 nostroque
685 2013 781 2067 medere
788 2021 879 2067 timori.

167 2095 205 2145 Te
216 2130 224 2154 ‚
240 2094 310 2154 Dea,
332 2108 354 2143 te
365 2092 503 2161 quondam,
518 2109 605 2160 tuaque
613 2096 663 2143 haet
669 2097 771 2159 insignia
780 2094 832 2143 vidi
842 2114 848 2143 t
882 2097 927 2151 775

167 2172 309 2238 Cunilaque
320 2175 437 2237 cognovi,
446 2174 604 2236 comitesque,
612 2170 739 2237 facesque,
749 2173 883 2239 sonumque

165 2251 294 2299 sistrorum
306 2268 312 2297 t
323 2252 471 2315 memorique
480 2250 561 2298 animo
572 2245 778 2313 tuajuffanotavi.

166 2327 242 2389 Quod
260 2325 326 2377 videt
343 2331 393 2377 hec
402 2328 498 2401 lucem,
514 2324 580 2393 quod
590 2343 641 2376 nou
656 2342 701 2391 ego
713 2331 799 2392 punior
811 2329 877 2393 ipsa,

165 2406 307 2457 Consilium
317 2408 483 2471 monitumque
494 2418 562 2455 tuum
571 2404 604 2455 est
613 2423 620 2453 r
628 2406 738 2455 miserere
745 2403 845 2454 duarum
854 2440 863 2466 ‚
878 2407 882 2412 ’

163 2486 313 2550 Auxilioque
325 2488 389 2548 juva.
407 2484 527 2545 Lattymte
545 2485 600 2531 lunt
610 2484 682 2532 verba
691 2484 785 2533 seeutaet
883 2481 931 2540 780

166 2562 228 2613 Visa
245 2562 299 2612 Dea
309 2562 341 2611 est
350 2559 450 2611 ntoviffe
460 2563 526 2615 suas.
544 2566 568 2611 it
580 2577 706 2619 moverat,
724 2577 783 2611 aras.

166 2634 201 2689 Et
220 2639 307 2705 templi
318 2654 434 2689 tremuere
452 2638 531 2697 foret,
543 2642 683 2703 imitataque
694 2639 787 2687 Lunam
812 2647 816 2651 “

166 2716 272 2769 Cornua
292 2716 422 2775 fulserunt;
434 2720 571 2781 crepuitque
581 2716 688 2763 sonabile
700 2716 804 2764 sistrum.

165 2792 229 2845 Non
246 2796 327 2843 secura
341 2791 458 2859 quidem,
475 2792 550 2841 fausto
561 2807 641 2841 tamen
652 2795 734 2841 omine
748 2791 819 2852 leta,

165 2874 252 2923 Mater
270 2874 320 2922 abit
334 2872 433 2936 templo.
445 2873 555 2936 Sequitur
566 2885 646 2918 comes
656 2870 720 2935 lphis
730 2884 841 2930 euntem,
885 2872 931 2935 7⁸5

165 2950 255 3011 Quim
274 2950 344 2999 solita
354 2950 405 3008 eli,
421 2952 510 3013 majore
521 2944 595 3012 gradu
603 2965 610 2994 t
618 2962 662 2996 net
673 2944 762 2995 candor
772 2950 799 2995 in
810 2964 852 2996 ore

165 3030 321 3089 Permanet,
337 3032 362 3077 δι
372 3030 433 3077 vitet
448 3040 577 3091 augentur.
592 3028 618 3074 it
632 3028 709 3075 acrior
719 3026 768 3089 ipse
781 3024 814 3073 est

164 3104 263 3155 Vultus
272 3108 310 3153 a&
322 3108 436 3154 incomtis
447 3105 539 3153 brevior
549 3104 658 3152 mensura
668 3103 770 3167 capillis.

162 3182 277 3249 Plusque
285 3186 375 3247 uigoris
385 3180 465 3243 adest,
475 3180 639 3247 habuitqutm
649 3179 747 3229 femina.
757 3178 810 3227 Jam
818 3212 826 3240 ,
833 3196 886 3245 que

205 3262 279 3311 Tem.
300 3262 342 3309 11.
761 3256 781 3305 Κ
