2334 4150
208 565 632 642 Mararroarrroreorr
646 568 683 636 L.
703 567 783 638 XV.
805 573 865 655 361

159 673 317 729 Praenaonitus
323 695 422 743 potuere
432 678 514 728 Derim
524 695 533 727 a
543 678 664 741 strii'lique
673 676 782 725 feruntur
876 665 922 713 30⁰

160 754 188 801 in
199 756 317 820 ternplum
327 755 402 821 gladii
414 775 420 805 r
432 772 510 821 neque
524 757 589 806 eninr
601 755 668 804 locus
680 753 742 803 ullus
757 755 781 802 in
793 751 859 801 Urbe

159 831 199 881 Ad
214 832 304 882 facinus
315 832 439 899 diramque
449 834 544 898 piacet,
556 836 601 882 nisi
613 831 705 890 Curia,
718 829 818 880 cedern.

160 907 226 956 Tum
243 909 301 959 veris
311 908 431 972 Cytheris
441 924 513 959 manu
522 911 635 975 percussit
645 906 746 972 utrique
787 923 791 934 ·

159 985 258 1035 Pectus:
271 989 296 1036 bc
313 987 410 1038 etherii
419 986 522 1036 molitur
532 983 636 1034 condere
645 985 723 1042 nube,

159 1062 216 1122 Qud
228 1066 292 1128 priris
301 1064 387 1114 infesto
394 1065 459 1114 Paris
467 1063 502 1113 cli
510 1077 604 1128 ereptus
619 1059 726 1120 Atrides
875 1038 921 1106 8⁰5

159 1138 192 1189 Et
201 1139 349 1191 Diomeddos
359 1139 447 1194 AEneas
460 1141 555 1206 fugerat
567 1141 641 1190 enses.

159 1217 259 1270 Talibus
268 1221 329 1268 hanc
339 1221 443 1284 genitor.
455 1219 512 1269 Sola
521 1215 680 1282 insuperabile
691 1215 788 1274 saturn,

157 1294 240 1356 Nata,
251 1313 348 1346 movere
357 1303 439 1362 paras?
449 1297 540 1355 intres,
552 1295 610 1346 licet
620 1330 628 1354 ,
640 1296 691 1358 ipsa
700 1296 816 1342 Sororum

158 1371 232 1420 Tetia
241 1375 328 1432 trium,
342 1390 422 1424 cernes
432 1373 502 1432 illic,
518 1373 646 1422 molimine
658 1371 742 1430 vasio,

156 1447 195 1496 Ex
208 1464 254 1496 rere
264 1453 289 1497 dc
300 1449 378 1498 solido
388 1465 468 1496 rerum
478 1448 594 1497 tabularia
607 1448 686 1505 ferros
875 1449 922 1498 810
984 1454 988 1460 '

159 1523 220 1582 Qua
235 1538 312 1589 neque
322 1526 465 1574 concursum
476 1525 552 1580 coeli,
571 1539 649 1589 neque
659 1522 767 1572 fulminis
781 1526 858 1580 iram,

158 1601 213 1650 Nec
228 1615 339 1650 metuunt
349 1600 426 1661 ullas,
441 1616 492 1650 tura
506 1615 692 1666 atqueaterna,
710 1603 798 1649 ruinas.

156 1678 267 1728 Invenies
277 1678 327 1727 illie
337 1679 410 1728 incisa
420 1676 546 1728 adamante
556 1681 654 1744 perenni

158 1756 218 1805 Pata
229 1759 263 1804 tui
277 1760 377 1819 generis.
393 1755 451 1820 Legi
459 1757 508 1822 ipse
519 1790 527 1815 ,
539 1757 668 1822 animoque
678 1759 760 1806 notavi
772 1773 778 1806 =

157 1832 191 1881 Et
207 1830 324 1891 referam3
337 1848 368 1880 ne
381 1835 411 1879 sis
424 1836 554 1882 etiamnum
565 1835 647 1898 ignara
658 1833 741 1884 futuri.
875 1813 919 1880 ⁸¹5

157 1909 207 1959 liic
222 1908 418 1974 suaeomplevit‚
437 1925 557 1974 proquo,
569 1909 711 1972 Cytheris,
729 1909 842 1970 laboras,

157 1986 296 2050 Tempora,
308 1986 434 2051 perfeilis,
454 2002 514 2052 quos
525 2001 590 2036 eerrae
602 1985 702 2046 debuit„
719 1990 796 2036 annis.

95 2127 99 2133 ‚
155 2062 192 2112 Ut
202 2062 267 2113 Deus
278 2062 375 2114 accedat
385 2062 463 2124 caelo,
483 2064 626 2131 templisque
636 2065 730 2115 colatur
740 2097 749 2120 ‚

157 2141 197 2190 Tu
209 2140 298 2199 facies,
309 2157 423 2206 natusque
434 2142 487 2190 suus
497 2176 506 2201 ,
516 2144 559 2207 qui
569 2144 675 2191 nominis
685 2144 752 2191 heres
765 2174 774 2202 ‚

155 2218 300 2284 impositum
311 2218 370 2267 feret
381 2218 452 2267 Urbis
463 2234 523 2267 onus
534 2237 540 2267 r
552 2222 652 2284 carique
667 2223 770 2283 parentis
873 2213 921 2262 820

130 2334 133 2339 .
156 2296 210 2345 Nos
225 2299 250 2345 in
264 2295 328 2343 bella
339 2297 393 2343 suos
403 2294 545 2344 fortissimus
557 2296 621 2345 ultor
632 2297 737 2345 habebit.

156 2370 224 2420 iliius
234 2373 342 2437 auspiciis
352 2368 449 2427 obseffae
459 2376 550 2421 moenia
560 2388 644 2437 pacem
661 2360 670 2379 '

156 2448 225 2498 vius
236 2464 317 2514 petent
327 2449 444 2499 Mutina:
456 2449 575 2498 Pharsalia
590 2448 754 2517 sentiet-illurn
766 2484 775 2509 ,
869 2448 871 2453 '

155 2525 325 2592 Emathiique
335 2530 421 2576 iterum
431 2524 558 2575 madefaiii
573 2526 636 2576 crede
648 2528 750 2592 Philippi
762 2544 771 2586 a

155 2603 189 2653 Et
199 2604 315 2667 Magnum
334 2604 418 2652 Siculis
427 2620 517 2652 nornen
534 2605 679 2668 superabitur
691 2602 775 2660 undis3
872 2588 918 2649 8²5

155 2682 307 2746 Romanique
323 2679 389 2730 ducis
404 2686 492 2746 conjnx
505 2682 636 2747 rumpha,
654 2680 720 2731 taedae

154 2756 216 2807 Non
229 2758 288 2805 bene
299 2757 341 2805 fisa
352 2792 360 2814 ,
379 2756 448 2807 carlet
460 2776 466 2806 s
479 2759 609 2825 frustraque
620 2763 664 2809 erit
674 2760 716 2810 illa
727 2765 836 2824 minata,
917 2796 919 2799 -

121 2816 130 2835 ⁵
153 2836 275 2883 servitura
293 2835 335 2881 suo
351 2832 473 2899 Capitolia
487 2836 565 2885 nostra
581 2836 694 2903 Canopo.

154 2907 223 2969 Quid
236 2908 278 2956 tibi
288 2908 439 2971 Barbariem,
451 2925 532 2974 gentes
543 2912 572 2959 ab
583 2917 796 2979 utroquelacentee
895 2968 899 2973 ,

154 2987 267 3047 Oceano,
282 2994 419 3037 numerem?
437 2986 613 3057 Quodcumque
627 2992 755 3041 habitabile
767 2994 837 3043 tellus
868 3006 882 3055 8
890 3024 919 3067 3⁰

155 3065 274 3124 Sustinet,
291 3066 360 3130 huius
371 3068 415 3114 erit
427 3083 433 3113 ι
445 3080 532 3130 pontus
545 3084 641 3134 quoque
660 3072 742 3120 seruiet
755 3073 801 3122 illi.

155 3141 215 3190 Pace
230 3140 286 3191 dati
302 3146 385 3203 terris,
398 3146 504 3193 animum
515 3142 546 3193 ad
562 3147 642 3195 civilia
652 3162 728 3198 vertet

154 3220 214 3333 lurp
220 3222 316 3334 ίυιιπιῄ
326 3221 435 3291 legesque
446 3222 506 3274 feret
520 3224 658 3291 justissimus
673 3230 769 3287 ausl0r3

211 3301 259 3336 um.
313 3320 321 3336 .
