2334 4150
300 543 367 590 120
422 521 921 595 ‘P.0r1nrrNAsonrs·‘

245 642 411 712 ‘rivumque
425 647 511 696 volunt
521 645 615 710 plangi5
629 663 670 710 per
679 648 775 696 brachia
785 662 852 698 mota
863 647 965 708 lerata,
1057 679 1060 682 -

213 733 225 764 δ
297 726 355 772 siste
369 722 521 788 pendebant,
535 739 661 774 nemorum
677 728 804 783 convicia,
816 729 883 789 picae.

284 793 366 856 'Nunc
381 819 476 866 quoque
485 805 513 850 ln
523 802 619 850 alitibus
632 800 743 850 facundia
756 804 833 865 prisea
844 806 976 861 remansit,

293 879 420 943 Raucaque
438 879 580 943 garrulitas,
597 875 746 945 studiumque
756 883 863 930 immane
876 878 1001 947 loquendi.

296 1034 1011 1107 emmawaewa

453 1206 528 1271 LI
548 1205 581 1272 B
605 1205 638 1270 E
661 1206 694 1272 R
746 1206 785 1273 V
803 1207 834 1271 Ι.

290 1309 455 1431 Panion
464 1395 527 1429 aar
540 1377 607 1429 distis
621 1381 731 1430 Tritonia
742 1381 829 1430 talibus
841 1395 940 1438 aurern,

288 1453 451 1521 carminaque
463 1453 599 1513 Aonidum,
610 1456 742 1522 justamque
753 1457 891 1520 probaverat
901 1459 971 1503 iram.

289 1531 354 1579 Tum
363 1531 459 1588 secum,
471 1527 566 1578 laudare
577 1547 660 1595 parum
669 1531 703 1579 eil
712 1525 855 1590 ,laudemur
865 1533 889 1578 bc
897 1531 969 1594 ipsaet

288 1607 396 1657 Numina
406 1625 449 1657 nec
458 1609 536 1672 sperni
547 1611 597 1656 sine
608 1607 679 1673 prena
690 1609 767 1656 nostra
777 1611 889 1658 sinamus.

255 1694 269 1737 s
289 1685 445 1750 Maeonraeque
456 1689 563 1733 animum
574 1685 627 1734 fatis
638 1683 741 1735 intendit
752 1686 889 1746 Arachnes,

231 1825 234 1829 1
287 1761 367 1821 Quam
377 1764 421 1809 sibi
432 1760 531 1809 lanificae
542 1778 591 1809 non
602 1760 683 1810 cedere
695 1761 802 1809 laudibus
813 1765 870 1810 artis

283 1837 405 1888 Audierat.
418 1839 475 1887 Non
487 1838 528 1886 illa
540 1839 612 1898 loco,
625 1855 668 1886 nec
680 1842 771 1902 origine
782 1841 859 1901 gentis

284 1915 372 1976 Clara,
384 1913 425 1964 sed
435 1931 496 1969 arte,
510 1914 564 1964 suit.
576 1917 643 1964 Pater
651 1918 705 1964 huic
715 1914 885 1980 Colophonius
895 1913 986 1970 Idmon

284 1995 403 2043 Phocaico
415 1993 506 2042 bibulas
517 1996 623 2058 tingebat
633 1996 722 2041 murice
732 1993 807 2041 lanas.

236 2073 267 2105 ¹⁰
285 2072 411 2123 Occiderat
421 2088 495 2122 mater
506 2092 512 2121 e
524 2071 564 2122 sed
577 2078 599 2122 ὃ(
612 2073 661 2125 lraec
672 2069 701 2121 de
712 2070 799 2137 plebe,
818 2071 909 2138 suoque

283 2152 361 2216 AEqna
371 2156 424 2201 viro
434 2152 520 2201 fuetan
532 2149 610 2211 Lydas
622 2166 701 2199 tamen
712 2150 754 2199 illa
763 2167 804 2215 per
816 2152 884 2199 urbes

283 2230 413 2290 Quaesierat
423 2230 500 2278 studio
511 2247 599 2278 nomen
608 2229 767 2279 memorabile
777 2264 784 2285 ,
797 2231 905 2293 quamvis

283 2308 344 2358 Orta
354 2307 429 2357 domo
440 2308 529 2371 parva,
544 2311 622 2372 parvis
634 2308 757 2356 habitabat
769 2306 887 2369 Hypaepir.

282 2386 358 2448 Hujus
369 2402 396 2434 ut
406 2388 536 2449 aspicerent
547 2401 607 2448 opus
621 2383 776 2441 admirabile,
790 2384 849 2446 saepe

235 2465 245 2495 ¹
252 2466 262 2511 5
282 2462 408 2511 Deseruere
419 2466 452 2509 sui
464 2462 583 2526 Nympha
593 2464 673 2511 vineta
684 2461 783 2521 Tymoli
794 2478 801 2517 3

279 2540 408 2588 Deseruere
418 2542 469 2587 suas
480 2540 599 2604 Nymphae
611 2538 742 2588 Pallolides
753 2537 837 2589 undas.

279 2617 331 2666 Nec
342 2617 412 2665 faslas
423 2616 500 2667 soldna
511 2618 584 2666 vestes
596 2619 696 2681 speslare
707 2619 803 2682 jtwabat
814 2634 822 2676 3

279 2696 343 2744 Tum
354 2712 467 2761 quoque,
483 2695 538 2744 ctlnr
549 2694 652 2752 fierent,
668 2710 748 2745 tantus
758 2694 830 2745 decor
841 2693 918 2744 adsilit
928 2699 973 2745 atti
984 2697 991 2745 l

279 2776 332 2822 Sive
345 2772 427 2822 tudem
438 2777 528 2838 primos
539 2773 619 2821 lanam
630 2774 779 2838 glomerabat
789 2778 814 2823 in
824 2776 907 2833 orbes,

230 2850 261 2884 ²0
278 2854 322 2900 Seu
333 2850 413 2915 digitis
425 2852 547 2915 subigebat
557 2868 636 2916 opus,
651 2856 796 2917 repetitaque
808 2852 882 2915 longo

277 2931 372 2979 vellera
382 2929 493 2978 mollibat
503 2929 600 2977 nebulas
610 2932 725 2994 aequantia
736 2930 824 2984 traslu3

276 3011 330 3058 Sive
339 3009 385 3057 levi
397 3023 495 3077 teretem
505 3009 613 3056 versabat
623 3006 710 3071 pollice
722 3005 818 3062 fusuma

275 3089 320 3136 Seu
332 3086 444 3152 pingebat
455 3101 498 3133 acu
508 3102 516 3144 3
526 3080 594 3133 scires
606 3100 618 3131 a
629 3081 725 3131 Pallade
735 3080 838 3133 dostam.

275 3163 347 3222 Quod
360 3180 439 3212 tamen
450 3166 498 3228 ipsa
510 3178 595 3227 negat:
610 3160 722 3227 tantique
732 3160 822 3210 offensa
832 3162 962 3228 magisttl,

227 3224 255 3269 ²5
275 3238 376 3295 Certet,
390 3245 439 3304 ait,
453 3256 548 3291 meeum
560 3256 568 3301 3
582 3239 643 3291 nibil
655 3239 687 3290 est
696 3239 764 3307 quod
773 3243 835 3299 visin
845 3244 960 3291 recusem.

911 3320 988 3367 Pallas
