2334 4150
263 557 333 639 256
405 549 449 623 P.
473 549 629 621 Ovrnrr
650 519 847 622 Nasonis
901 554 904 560 ’

260 669 378 738 Caecaque
396 679 444 722 nox
454 677 568 739 premitus
577 677 680 724 tenebris
690 679 823 742 hiemisque
836 677 941 740 suisque.

259 745 397 798 Discutiunt
411 759 489 798 tamen
500 754 556 809 has,
569 754 722 817 prebentque
730 756 845 802 micantia
858 751 944 800 lumen

259 824 385 874 Fulmina:
397 826 515 875 fulmineis
527 825 653 876 ardescunt
661 830 755 892 ignibus
765 828 844 878 unda.

261 901 310 951 Dat
320 919 413 968 quoque
429 907 478 968 Jam
493 903 565 952 saltus
577 908 640 954 intra
650 920 707 956 cava
722 921 785 955 texta
799 909 888 954 carin:
946 971 949 976 .

215 977 369 1028 5²5F1uaus=
384 983 424 1038 ot,
436 996 462 1030 ut
474 980 559 1040 miles,
574 997 676 1032 numero
685 984 833 1047 prestantior
842 978 932 1042 omni,

261 1055 325 1106 Ctlm
336 1059 395 1121 saepe
405 1057 497 1106 assiluit
512 1056 614 1108 defensae
625 1061 743 1108 moenibus
753 1063 833 1117 urbis,

259 1133 304 1196 Spe
315 1136 406 1196 potitur
417 1133 531 1194 tandem3
547 1135 669 1200 laudisque
681 1139 790 1185 accensus
801 1131 901 1197 amor'e,

259 1205 323 1255 Inter
333 1207 400 1256 mille
411 1212 473 1258 viros
483 1225 578 1258 murum
590 1209 686 1259 tandem
697 1224 801 1274 occupat
810 1226 881 1258 unus.

259 1279 297 1324 Sic
319 1279 358 1326 uhi
373 1281 497 1344 pulsarunt
511 1297 575 1330 acres
586 1281 658 1331 latera
669 1280 742 1330 ardua
752 1281 856 1341 fluetus,

213 1355 351 1407 ssovastils
359 1357 480 1422 insurgens
490 1357 590 1408 decimae
600 1363 647 1408 ruit
657 1363 759 1423 impetus
772 1358 858 1419 undaes

258 1432 311 1482 Nec
324 1435 387 1500 priris
403 1437 493 1486 absistit
510 1435 595 1488 selsam
603 1455 740 1503 oppugnare
752 1443 877 1502 catinam,

259 1509 340 1570 Quam
351 1512 416 1562 velut
426 1517 452 1562 in
461 1531 536 1580 capte
545 1515 672 1566 descendat
682 1521 772 1566 monia
781 1521 858 1566 navis.

164 1609 170 1617 ·
258 1589 314 1640 Pars
325 1593 397 1656 igitur
409 1595 514 1643 tentabat
524 1593 603 1644 adhuc
613 1593 723 1646 invadere
733 1599 817 1660 pinum
826 1613 834 1653 ς

259 1667 314 1718 Pars
327 1672 397 1718 maris
408 1672 471 1718 intus
482 1687 539 1720 erat.
551 1671 684 1736 Trepidant
693 1672 756 1722 haud
768 1672 862 1737 segnitie
871 1688 959 1723 oannes
966 1705 978 1734 ,

213 1749 224 1794 5
230 1743 340 1804 ssQuam
351 1745 410 1795 solet
421 1748 475 1794 urbs
484 1781 493 1806 ,
503 1749 555 1796 aliis
566 1765 662 1799 murum
671 1741 818 1800 fodientibus
829 1766 897 1799 extra
909 1785 918 1809 ,

259 1823 337 1888 Atque
355 1823 406 1872 aliis
418 1839 530 1880 murum,
547 1823 681 1889 trepidare,
700 1829 835 1876 tenentibus
849 1831 928 1876 intus,

258 1898 349 1950 Deficit
359 1917 411 1960 ars,
423 1904 545 1966 animique
555 1901 662 1952 cadunt:
676 1903 825 1969 totidemque
843 1902 959 1954 videntur
966 1935 979 1959 ‚

259 1976 327 2035 Quot
341 1980 439 2026 veniunt
450 1976 547 2036 fluoris,
558 1995 625 2028 ruere
635 1995 706 2045 atque
716 1983 846 2045 irrumpere
856 1996 960 2031 mortes¹

260 2054 317 2106 Non
325 2070 389 2107 tenet
400 2058 439 2107 hic
449 2056 580 2119 lacrymas,
596 2057 672 2124 liupet
680 2060 720 2107 hic
728 2077 734 2106 ι
742 2074 814 2110 vocat
823 2058 866 2108 ille
877 2059 978 2114 beatos,

215 2136 225 2183 5
230 2135 260 2181 40
265 2136 354 2186 Funera
363 2153 423 2203 quos
440 2153 551 2187 maneant
561 2156 569 2186 s
581 2140 620 2187 hic
632 2142 695 2188 votis
705 2156 795 2188 numen
804 2137 906 2196 odota,

259 2212 403 2279 Brachiaque
414 2213 444 2263 ad
455 2214 563 2274 coelum,
574 2215 641 2281 quod
652 2228 701 2266 non
709 2214 790 2274 sidet,
800 2218 866 2265 irrita
875 2214 966 2264 tollens

259 2288 339 2339 Poscit
348 2308 419 2355 opem
429 2310 436 2340 s
445 2294 545 2341 subeunt
555 2293 592 2341 illi
604 2294 732 2360 fratresque
743 2308 891 2360 patensque3

258 2364 321 2413 Huic
332 2382 387 2414 cunr
400 2370 537 2431 pignoribus
548 2368 648 2429 domus,
666 2376 691 2421 δι
702 2369 769 2436 quod
778 2374 848 2437 cuiq;
863 2370 976 2419 telistum

259 2442 381 2504 Halcyone
397 2444 477 2505 ceyca
488 2462 584 2497 movet:
594 2446 680 2509 Ciytis
690 2451 715 2497 in
725 2466 767 2499 ose

213 2518 385 2571 l4lNullanisi
398 2520 521 2582 Halcyone
531 2524 563 2573 est
574 2542 582 2572 t
593 2529 633 2583 os,
648 2526 703 2577 clm
714 2525 832 2577 desideret
842 2544 916 2579 unam
928 2562 939 2588 ,

260 2594 355 2647 Gaudet
365 2596 442 2648 abess'e
453 2616 541 2651 tamen.
557 2602 642 2653 Patria
652 2622 748 2671 quoque
757 2605 831 2655 vellet
845 2605 876 2654 ad
886 2613 944 2655 otas

260 2674 402 2739 Respicere,
422 2681 494 2743 inque
504 2677 606 2729 domum
618 2682 739 2746 supremos
745 2700 836 2733 sectere
845 2683 938 2738 vultus.

260 2750 350 2803 Verum
365 2754 405 2803 ubi
419 2757 467 2813 sit,
483 2759 575 2805 nescit:
589 2758 655 2807 tanti
666 2761 782 2822 vertigine
793 2774 881 2823 pontus

260 2828 359 2887 Fervet!
381 2835 419 2885 &.
436 2830 531 2883 inducta
542 2837 614 2898 piceis
625 2838 749 2885 enubibus
760 2836 862 2895 umbra,

88 2950 93 2959 .
166 2954 168 2957 .
215 2908 339 2961 5500mne
351 2908 408 2957 latet
419 2910 523 2970 coslum,
541 2910 707 2979 duplicataque
718 2916 794 2965 nouis
806 2917 888 2980 imago
897 2914 941 2965 est.

261 2986 384 3051 Frangitur
394 2989 488 3051 incursu
495 2990 599 3037 nimbosi
607 2992 707 3041 turbinis
716 2994 786 3041 arbos
798 3011 806 3051 i

260 3064 385 3129 Frangitur
396 3069 420 3114 δι
431 3068 552 3130 regimem
564 3068 692 3133 spoliisque
700 3071 807 3119 animosa
817 3070 950 3135 superstans

260 3140 345 3200 Unda,
356 3142 425 3193 'velut
437 3146 532 3198 viilrix,
545 3147 648 3193 sinuatus
658 3144 758 3210 despicit
768 3144 852 3196 undas.

260 3216 311 3266 Nec
323 3218 414 3281 ieritis,
428 3220 502 3288 quiin
512 3226 532 3271 si
542 3225 596 3290 quis
605 3222 845 3287 adunandum,
856 3225 967 3279 midine
