2334 4150
291 520 334 580 16
357 512 400 582 P.
434 512 634 580 Orrnrr
659 516 898 583 Nasours
956 491 960 497 ⁴

312 632 400 684 Cetera
417 633 514 686 diversis
530 633 601 683 tellus
612 635 727 685 animalia
739 637 825 691 formis

281 712 369 776 Sponte
379 711 421 761 sui
429 715 520 776 peperit
531 730 537 761 t
550 712 602 776 poll
612 711 688 777 quim
700 727 769 764 vetus
780 715 869 763 humor
884 713 913 765 ab
925 713 983 778 igne

280 789 399 837 Petcaluit
413 790 493 849 Solis,
508 804 654 855 coenumque
665 788 765 857 udaque
775 790 874 856 paludes

280 864 416 915 Intumuere
427 866 499 924 allue
517 865 670 932 fecundaque
685 869 776 917 semina
784 885 865 919 rerum

229 942 363 994 4²0Vivaci
374 947 463 995 nutrita
474 946 545 1006 solo,
564 962 609 995 ceu
619 950 703 997 matris
713 950 739 996 in
753 946 826 1002 alvo»

279 1020 412 1071 Creverunt
423 1056 432 1081 ,
444 1022 577 1089 faciemque
589 1025 695 1090 aliquam
704 1040 785 1089 cepere
800 1020 932 1075 morando·

278 1100 367 1149 Sicubi
382 1098 484 1150 deseruit
498 1100 610 1151 madidos
623 1101 775 1167 septemfluus
786 1118 855 1167 agros

277 1176 363 1238 Nilus,
379 1181 404 1227 &
415 1183 513 1245 antiquo
525 1181 565 1229 sua
578 1178 679 1229 llumlua
689 1178 795 1230 reddidit
809 1178 896 1241 alveo,

276 1254 437 1322 AEtheteoque
445 1274 525 1307 recens
535 1260 621 1307 exarsit
631 1255 707 1308 sidere
716 1258 804 1317 limuse

225 1333 381 1383 4²5Plnrima
394 1335 496 1385 cultores
506 1339 578 1387 versis
590 1336 704 1386 animalia
715 1335 791 1400 glebis

275 1413 416 1473 Invadunt,
429 1418 454 1463 δι
465 1415 491 1463 in
500 1416 536 1462 his
546 1412 656 1479 quadam
667 1413 743 1463 modd
754 1428 848 1478 coepta,
860 1412 901 1461 sub
914 1412 994 1477 ipsum

275 1489 394 1541 Nascendi
405 1492 523 1556 spatium:
535 1490 649 1557 quedam
659 1491 812 1556 imperfecta,
824 1492 918 1556 sitisque

275 1568 370 1618 Trunca
384 1568 467 1619 vident
479 1572 581 1619 numeris
593 1588 599 1618 t
615 1574 640 1620 &
653 1569 738 1620 eodem
746 1571 771 1618 in
781 1584 882 1633 corpore
893 1569 952 1632 saepe

276 1646 355 1695 Altera
368 1664 421 1711 pars
431 1650 508 1707 vivit,
521 1646 585 1696 rudis
596 1647 629 1695 est
641 1664 693 1712 pars
701 1647 775 1697 altera
783 1646 861 1696 tellus.

226 1722 370 1789 430Quippe
381 1725 421 1771 ubi
433 1727 572 1788 temperiem
588 1726 690 1773 sumsere
701 1727 836 1789 humorque
843 1721 957 1789 calorque
967 1754 979 1784 ‚

276 1801 440 1865 Concipiuntt
461 1805 485 1850 it
495 1804 525 1851 ab
535 1804 571 1851 his
581 1805 693 1851 oriuntur
704 1804 787 1851 cunila
797 1799 891 1850 duobus
902 1818 909 1849 e

276 1878 388 1944 Ctlmque
396 1882 426 1929 sit
435 1882 496 1943 ignis
504 1896 570 1945 aqua
580 1896 691 1944 pugnax,
702 1896 777 1944 vapor
786 1877 898 1927 humidus
907 1892 994 1929 omnes
1088 1915 1089 1918 =

275 1956 320 2007 Res
333 1972 407 2012 creat,
425 1961 449 2006 δι
468 1955 695 2007 discotsconcordia
708 1957 796 2006 fetibus
806 1972 861 2021 apta
870 1956 912 2005 est.

272 2033 338 2107 Ergo
356 2036 396 2084 ubi
409 2070 417 2095 ,
431 2033 523 2086 diluvio
536 2036 606 2085 tellus
616 2035 735 2086 lutulenta
744 2038 849 2097 recenti,

224 2119 252 2164 43
260 2119 269 2164 5
273 2115 367 2169 Solibus
380 2116 485 2171 ethereis
496 2114 610 2180 almoque
619 2114 743 2164 recanduit
755 2115 825 2174 astu3

272 2195 357 2248 Edidit
371 2201 504 2249 innumeras
515 2195 603 2264 species
614 2197 765 2260 :partimque
775 2192 862 2257 figures

273 2263 365 2326 Retulit
379 2280 487 2342 antiquas
500 2295 508 2335 l
522 2278 612 2341 partim
622 2288 687 2326 nova
697 2271 800 2327 monstra
810 2272 906 2320 creavit.

272 2353 425 2420 Illaquidem
441 2355 534 2416 nollet,
547 2353 589 2405 sed
606 2371 628 2405 te
640 2370 752 2421 quoque,
765 2344 867 2400 maxime
878 2348 977 2414 Pithon

273 2434 338 2482 Tum
350 2437 432 2498 genuit
442 2453 447 2482 t
459 2434 600 2499 populisque
611 2435 696 2490 novis,
707 2431 830 2494 incognita
844 2427 957 2490 serpent,

129 2553 144 2583 ¹.
223 2510 360 2568 440Terrot
374 2527 423 2560 eras
434 2530 440 2560 t
453 2526 545 2560 taurum
556 2514 626 2576 spatii
638 2508 668 2559 de
679 2524 762 2558 monte
774 2506 877 2555 tenebas.

272 2587 339 2638 Hauc
350 2589 415 2641 Deus
426 2591 572 2649 arcitenens,
585 2594 611 2639 ὅ(
621 2604 754 2653 numquam
765 2585 851 2635 talibus
861 2586 935 2634 armis

271 2667 351 2725 Ante,
365 2669 410 2716 niti
420 2671 446 2716 in
456 2666 531 2716 damis
539 2669 677 2732 capreisque
693 2665 836 2730 fugacibus,
851 2663 922 2723 usus,

271 2742 344 2792 Mille
353 2760 449 2810 gravem
460 2745 513 2794 telis
524 2780 533 2805 ,
544 2745 655 2796 exhausti
671 2760 738 2809 pane
751 2740 881 2808 pharetri,

272 2820 394 2878 Perdidit,
414 2821 489 2874 effuso
504 2841 544 2889 per
555 2823 655 2873 vulnera
669 2825 737 2886 nigra
749 2836 850 2871 veneno.

223 2900 338 2964 445Neve
352 2905 429 2966 operis
444 2901 533 2950 fatuam
545 2903 620 2964 possit
634 2898 714 2952 delete
726 2898 845 2957 vetustas,

270 2979 374 3028 Instituit
390 2982 467 3029 sacros
484 2979 570 3029 celebri
581 2980 710 3027 certamine
722 2974 809 3030 ludos,

271 3057 371 3117 Pythia,
385 3055 415 3106 de
434 3056 533 3106 domita
544 3058 659 3120 serpentis
670 3058 769 3105 nomine
779 3053 865 3104 ditior.

270 3132 314 3181 His
329 3137 443 3198 juvenum
453 3137 599 3200 quicumque
609 3151 699 3191 manu,
714 3131 858 3198 pedibusve,
870 3132 954 3187 totius

268 3211 363 3264 Vicerat
366 3229 376 3275 5
395 3212 492 3266 esculea
503 3213 611 3282 capiebat
621 3209 714 3265 frondis
724 3214 853 3266 honorem.
