2334 4150
89 659 97 672 ,
200 599 797 670 MnrAruonrnosnonMIII.
820 622 884 685 291

166 721 241 771 Anna
258 718 336 771 ruliife
348 721 421 771 refert
429 736 514 771 contra
524 721 649 788 Troasque
663 721 805 786 Iovemque.

167 797 363 866 Confiteorque,
379 799 451 849 tulite
467 802 621 866 nequeenim
637 800 698 848 bene
714 797 776 850 fasta
787 795 939 863 malignius

166 876 305 926 Detretiare
323 895 406 928 meum
422 871 472 927 est's
484 876 524 926 fed
534 894 578 926 nec
589 879 729 927 communia
740 875 804 925 solus

167 955 293 1020 Occupet,
303 971 374 1022 atque
381 956 486 1022 aliquem
494 956 664 1022 vobisquoque
670 952 754 1004 reddat
762 956 892 1004 honorem.

169 1032 268 1099 Repulit
277 1032 416 1102 ridorides,
428 1035 470 1082 sub
486 1035 591 1098 imagine
602 1048 667 1083 tutus
678 1033 795 1095 Achillis,

169 1111 246 1162 Troas
256 1113 286 1161 ab
302 1114 386 1160 arsuris
401 1127 458 1161 cum
469 1108 593 1160 defensore
604 1113 699 1160 catinis.

168 1191 259 1240 Ausum
270 1193 343 1240 etiam
359 1190 476 1240 Helioreo
491 1190 568 1240 folum
580 1205 720 1240 concurrere
735 1187 810 1239 Marti
894 1208 944 1254 ιη
1014 1205 1018 1214 ’

170 1268 200 1317 Se
214 1283 299 1332 putat,
311 1269 401 1318 oblitus
412 1272 535 1336 regisque,
548 1267 699 1334 ducumque,
715 1272 810 1335 meique
817 1284 827 1330 3

170 1345 257 1398 Nonus
267 1349 292 1396 in
302 1345 401 1408 officio,
415 1352 439 1397 δι
451 1347 561 1413 praelatus
573 1363 671 1396 munere
682 1348 760 1395 sortis.

170 1423 220 1474 Sed
230 1439 311 1474 tamen
322 1439 420 1475 evemus
436 1426 532 1485 vestrae,
549 1423 696 1482 forsissime,
715 1436 800 1488 pugnae

171 1502 236 1563 Quis
254 1500 301 1550 fuit
311 1503 320 1548 i
339 1501 426 1550 Hestor
436 1501 486 1551 abit
495 1501 597 1551 violatus
608 1501 706 1548 vulnere
717 1501 797 1549 nullo.

206 1579 251 1630 Me
261 1580 377 1627 miserum
389 1579 396 1628 i
413 1592 505 1646 quantu
516 1593 591 1642 cogor
602 1574 736 1626 meminilse
746 1575 830 1625 dolore
898 1584 945 1634 280

173 1657 304 1722 Temporis
321 1655 403 1715 illius,
416 1673 482 1722 quo,
499 1655 600 1720 Grajitm
611 1672 711 1710 murus,
726 1654 832 1703 Achilles
875 1721 877 1725 ι
891 1647 894 1652 ’

179 1734 325 1786 Procubuit!
343 1751 387 1784 nec
399 1752 438 1783 me
446 1734 575 1797 lacrymae,
589 1733 707 1793 ludusve,
720 1736 823 1782 timorve

176 1810 331 1872 Tardarum,
343 1816 403 1879 quin
414 1829 499 1878 corpus
509 1815 585 1861 humo
596 1812 698 1862 sublime
709 1811 831 1860 referrem.

174 1888 219 1942 iiis
226 1893 339 1956 humeris,
348 1893 394 1950 his,
403 1893 514 1958 inquam,
521 1893 625 1940 humeris
633 1907 677 1956 ego
685 1907 770 1956 corpus
782 1889 882 1938 Achillis
888 1926 897 1950 ,

175 1967 208 2018 Et
222 1969 293 2018 simul
302 1985 367 2018 arma
379 1969 423 2019 tuli
435 1989 441 2017 e
455 1987 508 2036 quae
520 1985 584 2019 nunc
596 1985 693 2035 qunque
704 1968 765 2016 ferre
774 1966 869 2017 laboro.
900 1964 942 2026 225

89 2049 90 2056 ’
175 2047 237 2097 Sunt
253 2049 330 2108 mihi,
343 2063 395 2114 quae
404 2047 500 2098 valeant
512 2050 537 2097 in
551 2047 608 2098 talia
620 2046 745 2113 pondera,
759 2049 841 2108 tires;

174 2123 217 2174 Est
226 2127 336 2183 animus,
353 2125 440 2175 uestros
452 2122 516 2173 certi
527 2126 634 2173 sensurus
646 2128 758 2174 honoret.

175 2203 274 2253 Scilicet
283 2201 374 2252 idcirco
384 2208 428 2267 pro
438 2216 513 2267 gnato
523 2201 610 2251 cerula
619 2216 697 2251 mater

175 2282 312 2331 Ambitiosa
329 2282 372 2329 suo
384 2280 448 2339 fuit,
460 2296 486 2329 ut
497 2280 602 2331 coelellia
613 2279 696 2339 dona,

177 2360 242 2409 Artis
255 2373 315 2423 opus
325 2373 396 2407 tanta
408 2392 416 2418 ,
430 2356 530 2407 rudis&
542 2360 591 2407 sine
602 2360 695 2424 pedore
711 2357 782 2410 miles
902 2378 948 2418 290

176 2432 308 2484 indueret?
319 2450 395 2501 neque
408 2439 472 2485 enim
484 2435 563 2500 clypei
574 2436 697 2485 calamina
707 2442 789 2498 norit,

178 2512 319 2574 Oceanum,
334 2517 358 2563 δι
371 2528 459 2569 terras,
475 2528 578 2581 cumque
590 2514 641 2564 alto
652 2516 727 2564 sidera
737 2516 824 2576 coelo,

176 2588 898 2659 Pleiadasquefflyadasque,immunemqueaequorisArdon,

177 2669 338 2735 Diverfasque
348 2671 436 2729 urbes,
452 2668 606 2736 nitidumque
622 2670 719 2721 Orionis
734 2673 824 2720 ensem.

178 2746 288 2796 Postulat
298 2761 325 2796 ut
335 2749 431 2811 capiat,
443 2762 496 2813 quae
507 2762 557 2795 non
567 2746 698 2813 intelligit,
710 2767 785 2800 arma.
917 2805 924 2815 ,

213 2821 298 2885 Quid?
319 2822 386 2889 quod
400 2840 439 2873 me
449 2860 458 2881 ‚
469 2823 523 2873 duri
535 2824 667 2890 fugientem
680 2844 779 2878 munera
790 2830 866 2893 belli,

179 2902 268 2968 Arguit
283 2903 379 2967 incepto
390 2902 468 2951 serum
481 2901 600 2953 accessille
611 2904 705 2955 labori:

179 2981 234 3032 Nec
247 2982 271 3029 fe
281 2983 439 3045 magnanimo
447 2978 590 3030 maledicere
601 2983 672 3033 sentit
682 2984 779 3034 Achilli,

181 3062 207 3110 Si
219 3057 338 3109 simulaffe
349 3075 421 3110 vocat
431 3062 538 3119 crimen,
551 3060 715 3112 simulavimus
726 3065 809 3113 ambo.

179 3139 207 3187 si
221 3154 289 3188 mora
299 3154 343 3203 pro
353 3138 424 3204 culpa
434 3138 483 3198 eli,
496 3154 541 3203 ego
552 3139 604 3187 sum
614 3144 730 3189 maturior
739 3139 794 3189 illo.
903 3166 949 3209 3⁰⁰

182 3214 227 3265 Me
242 3219 282 3281 pia
291 3214 394 3267 detinuit
404 3220 493 3283 conjux
503 3235 510 3266 t
521 3219 561 3282 pit
572 3232 647 3267 mater
657 3218 783 3275 richilleu·²

183 3294 311 3360 Primaque
321 3296 376 3346 sunt
383 3294 431 3347 illis
442 3292 499 3348 data
509 3310 619 3361 tempora
623 3329 633 3358 ‚
644 3310 722 3345 cetera
732 3298 809 3346 vobit.

687 3373 736 3420 .rt
750 3376 786 3435 ij·
858 3404 861 3407 -
