2334 4150
327 386 343 439 Ι

228 501 659 567 Marnuortrnosnou
680 496 719 563 L.
743 498 792 565 ΙΙ.
830 522 874 588 43

163 623 218 671 Tam
235 637 314 688 nuper
326 620 394 685 pislis
405 618 465 667 caeso
478 617 610 683 pavonibus
621 618 703 684 litgo,

159 702 237 761 Quam
256 715 285 749 tu
294 714 370 762 nuper
384 712 433 745 eras
443 730 450 753 ‚
462 694 516 744 crim
530 693 646 745 candidus
655 710 710 745 ante
722 691 819 750 fuisses,

158 778 236 828 Corve
252 777 359 842 loquax,
379 772 459 822 subito
471 776 591 839 nigrantes
600 775 679 822 versus
689 776 716 821 in
726 772 784 821 alas.
881 798 924 846 535

156 856 220 905 Nam
239 856 289 904 suit
306 856 357 903 hac
375 848 497 917 quondam
511 854 587 900 niveis
598 866 707 915 argentea
717 854 803 916 pennis

154 934 224 987 Ales,
239 946 267 981 ut
282 944 389 997 equarer
401 943 463 977 toras
477 932 527 977 sine
537 927 592 977 labe
603 928 746 989 columbas,

154 1011 204 1061 Nec
221 1012 352 1060 servaturis
364 1006 432 1071 vigili
443 1005 566 1072 Capitolia
579 1022 640 1056 voce

153 1088 259 1140 Cedetet
277 1088 421 1146 anseribus,
435 1102 479 1135 nec
492 1088 583 1134 amanti
596 1083 698 1135 flumina
707 1101 794 1150 cycno.

151 1168 243 1233 Lingua
254 1167 303 1217 fuit
315 1164 406 1215 damno
417 1182 424 1213 z
438 1162 520 1229 lingui
529 1163 632 1213 faciente
642 1162 738 1231 loquaci
749 1199 759 1225 ,
877 1202 885 1241 5
890 1200 923 1245 4⁹

151 1244 199 1294 Cui
217 1244 289 1294 color
305 1240 374 1293 albus
389 1256 457 1303 erat,
476 1258 539 1291 nunc
554 1242 588 1290 est
602 1245 734 1291 contrarius
747 1243 813 1292 albo.

151 1322 278 1372 Pulchrior
287 1325 315 1371 in
329 1335 397 1380 rota,
414 1336 487 1386 quarn
498 1316 608 1369 Larid'u
621 1320 743 1381 Coronis,

151 1400 206 1449 Non
217 1400 266 1451 fuit
280 1397 419 1449 Haemonii.
432 1398 524 1447 Placuit
535 1400 578 1446 tibi
590 1433 598 1458 ,
615 1397 750 1463 Delphice,
761 1398 838 1460 certi,

148 1478 215 1528 Dum
226 1478 266 1529 vel
277 1478 341 1527 casta
350 1476 414 1535 fuit,
431 1475 470 1527 rel
480 1476 638 1527 inobservata.
655 1476 701 1525 Sed
713 1476 762 1525 ales

148 1557 224 1605 Sensit
239 1553 390 1605 adulterium
405 1553 550 1601 Phoebe'r'us:
565 1569 639 1617 utque
650 1553 766 1602 latentem
873 1578 915 1622 545

147 1633 278 1699 Detegeret
289 1631 405 1697 culpam,
425 1646 475 1679 non
487 1629 613 1678 exorabilis
623 1627 709 1689 index,

147 1710 184 1762 Ad
201 1710 335 1762 dominum
348 1708 460 1758 tendebat
470 1712 514 1759 iter
526 1727 532 1757 r
544 1724 618 1773 quem
628 1708 723 1773 garrula
733 1711 807 1758 motis

147 1788 316 1855 Consequitur
330 1789 430 1852 pennis,
443 1788 539 1835 scitetur
551 1803 577 1835 ut
588 1790 688 1848 omnia,
700 1791 794 1838 cornia.

145 1865 287 1933 Audirique
297 1869 342 1915 viar
354 1864 425 1913 causa
436 1882 444 1921 3
456 1863 513 1913 Non
524 1864 582 1915 utile
600 1867 690 1929 carpis,

146 1943 245 2012 lnquit,
263 1946 325 1994 iter:
337 1958 368 1991 ne
379 1942 460 2007 sperne
469 1958 528 1991 mete
540 1943 652 2007 praesagia
663 1943 760 2008 lingua.
871 1968 918 2015 550

178 2101 248 2164 Quid
260 2102 365 2160 fuerim,
377 2098 436 2166 quid
445 2102 507 2166 simq
516 2117 523 2158 ·‚
531 2097 586 2149 vide
593 2117 601 2158 3
609 2103 738 2166 meritumq
746 2118 754 2159 3
761 2104 869 2168 require,

144 2180 255 2230 Invenies
269 2176 378 2229 nocuiss'e
389 2176 471 2226 fidem.
484 2177 548 2226 Nam
560 2193 667 2242 tempore
681 2177 789 2243 quodam

145 2257 223 2308 Pallas
238 2257 443 2310 Erichthonium,
460 2253 554 2319 prolem
565 2257 615 2304 sine
626 2270 702 2305 matre
715 2270 835 2317 creatam,

145 2333 274 2385 Clauserat
295 2335 372 2384 Asiaro
385 2331 453 2382 tertiv
462 2330 491 2380 de
502 2335 592 2382 vimine
606 2332 680 2392 cisti,

143 2411 334 2477 virginibusque
351 2411 425 2459 tribus
434 2414 532 2478 gemino
546 2409 576 2460 de
587 2410 696 2476 Cecrope
708 2415 770 2462 natis
869 2431 913 2479 555

145 2487 215 2538 Hanc
228 2488 308 2553 legent
319 2485 434 2546 dederat,
447 2489 526 2536 suane
538 2488 625 2538 secreta
634 2488 753 2540 viderenr.

144 2563 236 2614 Abdita
247 2563 335 2614 fronde
348 2564 412 2622 levi,
430 2563 501 2614 densi
512 2565 648 2631 speculabar
659 2569 688 2615 ab
700 2569 786 2629 ulmo,

145 2642 213 2703 Quid
227 2643 343 2691 iacerent.
357 2640 493 2692 Commissa
509 2643 561 2692 duae
572 2647 622 2693 sine
632 2643 714 2694 fraude
726 2660 836 2706 tuentur,

144 2718 283 2770 Pandrosos
293 2734 365 2785 atque
380 2720 451 2770 Herse
463 2739 469 2767 r
479 2719 574 2769 timidas
586 2737 658 2770 vocat
668 2737 716 2768 una
726 2724 817 2771 sorores

143 2797 284 2861 Aglauros,
304 2795 428 2863 nodosque
442 2815 515 2846 minu
531 2795 638 2848 diducit:
649 2812 673 2846 at
686 2801 751 2847 intus
867 2822 914 2872 550

142 2873 314 2942 infantemque
325 2873 408 2924 vident
419 2910 428 2934 ,
438 2879 649 2943 appotreliumqtre
662 2874 802 2931 draconem.

142 2954 199 3002 Acta
215 2951 276 3001 Deae
287 2951 365 3000 resero
375 2971 381 3002 :
390 2969 434 3018 pro
446 2968 494 3019 quo
503 2955 563 3004 mihi
573 2956 648 3018 gratia
659 2953 712 3002 talis

142 3026 284 3088 Redditur,
303 3043 331 3079 nr
346 3026 410 3078 dicat
420 3029 494 3077 tuteli
506 3030 573 3094 pulsa
584 3031 715 3088 Minerva,

142 3106 173 3156 Et
188 3122 266 3174 ponar
276 3105 329 3176 poli
337 3109 412 3156 nosiis
424 3121 500 3155 avem.
514 3108 568 3155 Mer
576 3123 647 3170 poena
656 3107 765 3155 volucres

140 3180 302 3238 Adrnonuiisc
320 3183 415 3254 potest,
431 3200 461 3234 ne
475 3201 533 3236 voce
547 3186 653 3252 pericula
663 3199 778 3253 quarant-
864 3196 907 3247 «σς
