2334 4150
296 540 361 585 122
401 511 406 518 ’
440 517 483 584 Ρ.
500 517 858 586 ΟνιυιιΝΑεοΝιε

245 647 277 685 60
293 639 393 688 Brachia
401 636 471 688 dotia
479 651 596 696 movent,
609 634 686 686 studio
698 637 796 688 fallente
807 637 923 708 laborem.

292 717 346 766 lllie
360 719 562 781 &Tyriumque
576 731 679 780 purpura
691 717 763 765 sensit
777 721 863 764 a'e'rsum

291 794 391 843 Texitur
402 827 411 853 ‚
428 797 453 842 dt
466 808 545 842 tenues
557 795 623 857 parvi
634 790 776 842 discriminis
787 795 877 844 umbre
889 813 900 843 s

291 870 373 931 Qualis
389 871 419 919 ab
430 871 506 919 imbre
519 870 580 919 solet
592 867 710 935 perculsus
725 871 812 922 solibus
823 888 891 922 arcus

290 948 387 998 inficere
395 950 486 1012 ingenti
496 947 598 1014 longum
608 951 744 998 curvamine
757 949 846 1000 eoelum
856 967 866 1009 3

241 1027 269 1075 ⁶5
289 1026 316 1074 lu
326 1042 375 1091 quo
387 1023 473 1077 diversi
482 1029 575 1076 niteant
584 1024 641 1076 etim
652 1025 719 1078 mille
729 1027 840 1088 colores,

288 1105 410 1153 Transitus
420 1105 469 1170 ipse
479 1119 560 1156 tamen
570 1105 696 1168 speslantia
709 1105 801 1156 lumina
811 1106 874 1157 fallit
883 1125 892 1166 5

286 1180 433 1248 Usqueadeo
438 1180 505 1248 quod
513 1184 590 1246 tangit
595 1180 660 1231 idem
668 1182 712 1232 est!
723 1197 803 1232 tamen
810 1184 1000 1242 ultimadillaut.

285 1261 338 1309 lllic
350 1265 375 1310 δι
389 1261 481 1310 lentum
491 1259 538 1310 filis
548 1263 688 1310 immittitur
701 1277 803 1322 aurum,

283 1337 315 1388 Et
327 1353 394 1389 vetus
409 1341 436 1388 in
449 1338 497 1388 tela
511 1335 637 1388 deducitur
647 1354 824 1404 argumentum.

235 1504 267 1547 70
315 1482 436 1550 Cecropii
446 1484 523 1535 Pallas
533 1484 658 1550 scopulum
669 1483 787 1535 Mavortis
798 1489 823 1534 in
834 1504 885 1536 arce

283 1563 377 1628 Pingit,
390 1566 414 1613 bt
427 1567 550 1629 antiquam
561 1561 592 1612 de
602 1579 668 1612 terrae
677 1565 776 1612 nomine
788 1563 865 1615 litem.

282 1642 321 1692 Bis
331 1644 370 1694 sex
382 1641 516 1701 coelestes,
529 1639 610 1691 medio
621 1642 697 1700 Jove,
710 1639 801 1690 sedibus
812 1643 866 1691 altis
955 1667 957 1672 ·

281 1720 385 1785 Augusti
394 1723 509 1784 gravitate
519 1717 601 1768 sedent
612 1736 619 1766 t
630 1719 671 1765 sua
680 1734 799 1782 quemque
810 1718 918 1774 Deorum

280 1798 390 1846 Inscribit
403 1797 482 1844 facies.
493 1796 558 1844 Jovis
568 1795 600 1843 eli
611 1793 695 1858 regalis
705 1796 793 1858 imago.

232 1891 261 1937 75
280 1876 345 1924 Stare
358 1873 438 1923 Deum
450 1871 547 1938 pelagi,
562 1870 684 1936 longoque
699 1869 767 1920 ferire
780 1867 881 1920 tridente

279 1952 366 2016 Aspera
376 1951 430 2000 saxa
440 1949 515 2008 facit,
532 1946 662 2012 medioque
673 1965 685 1996 e
695 1947 792 1996 vulnere
804 1950 851 1998 saxi

278 2025 401 2080 Exsiluille
411 2027 506 2086 ferum,
518 2043 566 2094 quo
576 2029 676 2092 pignore
687 2023 796 2074 vindicet>
803 2027 895 2074 urbem.

278 2108 311 2157 At
321 2110 366 2157 sibi
375 2105 417 2157 dat
426 2106 555 2171 clypeum,
571 2102 613 2155 dat
625 2120 699 2155 acutae
711 2103 813 2171 cuspidis
824 2104 931 2155 hallam:

278 2185 328 2235 Dat
338 2185 431 2250 galeam
440 2186 530 2249 capitis
543 2180 679 2232 defenditur
690 2180 764 2247 aegide
776 2186 864 2247 pestus.

230 2263 262 2311 80
278 2260 458 2329 Perculsamque
467 2260 509 2310 sui
520 2260 618 2310 simulat
629 2258 658 2309 de
670 2258 764 2325 cuspide
775 2275 861 2309 tetram

277 2340 379 2391 Prodere
390 2356 445 2389 eum
457 2341 535 2388 baccis
545 2338 621 2387 fetum
634 2341 737 2387 canentis
750 2338 836 2397 oliva,

276 2418 407 2483 Miratique
416 2416 490 2465 Deos.
501 2417 574 2480 Operi
583 2418 682 2464 vitiosis
692 2414 754 2463 finis.

276 2494 312 2545 Ut
321 2509 402 2545 tamen
412 2492 525 2557 exemplis
536 2492 654 2557 intelligat
666 2490 752 2560 aemula
764 2492 859 2555 laudis,

276 2570 349 2633 Quod
361 2574 464 2637 pretium
478 2572 554 2635 speret
566 2586 609 2634 pro
623 2585 672 2621 tam
686 2570 810 2621 furialibus
821 2575 901 2634 ausis;
972 2601 975 2609 ⁴

227 2640 242 2687 ⁸
246 2656 256 2704 5
276 2648 395 2710 Quattuor
404 2652 430 2698 in
439 2663 516 2714 partes
526 2650 656 2698 certamina
667 2664 782 2714 quattuor
791 2650 875 2708 addit,

275 2726 347 2779 Clara
357 2727 438 2778 colore
449 2728 509 2781 suo,
521 2727 630 2775 brevibus
640 2724 747 2777 diuinus
759 2730 851 2794 sigillis.

275 2806 412 2856 Threiciam
422 2803 557 2869 Rhodopen
568 2805 640 2853 habet
651 2806 750 2869 angulus
761 2824 820 2855 unus
831 2812 856 2857 δε
867 2808 987 2872 Haemon3

275 2884 346 2936 Nunc
358 2881 449 2950 gelidos
458 2898 569 2937 montes,
580 2883 691 2932 mortalia
702 2899 802 2947 corpora
812 2884 933 2949 quondam
945 2904 954 2945 5

275 2961 382 3012 Nomina
391 2962 540 3013 summotum
550 2961 595 3011 sibi
608 2962 649 3026 qui
663 2960 762 3011 tribuite
775 2960 889 3011 Deorum.
987 2998 990 3003 -

227 3136 258 3176 90
306 3120 386 3170 Altera
401 3120 517 3199 Pygpmae
531 3120 608 3171 fatum
624 3116 755 3180 miserabile
766 3121 848 3169 matris

274 3198 328 3245 Pars
339 3199 426 3247 habet:
439 3201 501 3247 hanc
510 3198 573 3248 Juuo
584 3199 670 3248 tisiam
680 3198 807 3249 certamine
816 3201 886 3264 jussit

1093 2162 1095 2226 l
