2334 4150
264 567 330 631 322
404 543 450 614 P.
477 545 632 612 Ovrnrr
652 547 847 614 Nasonis

261 666 292 715 Et
307 663 412 717 mulcere
429 665 507 727 ierat,
524 669 548 716 δι
561 663 661 716 flumina
671 665 743 733 longa
756 667 846 718 morari

215 745 309 809 34oOre
325 745 389 803 suo,
407 744 562 809 volucresque
578 760 649 809 vagas
665 748 765 799 retinete
776 745 880 795 solebat.

261 821 320 882 Quae
335 819 393 872 dum
404 820 507 872 feminei
517 819 657 872 modulatur
667 826 773 874 carmina
782 839 842 874 voce
854 858 865 886 ,

260 897 355 948 Exierat
371 902 433 948 nero
447 899 575 949 Laurentes
588 901 656 948 Picus
667 903 692 950 in
702 917 792 966 agros,

260 977 386 1042 indigenas
398 975 488 1026 liturus
504 993 590 1042 apros:
603 993 743 1044 tergumque
754 979 877 1043 premebat

261 1056 327 1104 Acris
342 1057 417 1121 equia
433 1054 539 1120 levique
555 1055 647 1104 hastilia
662 1057 718 1106 bina
733 1055 838 1116 ferebat,

214 1134 398 1191 345Poeuiteam
417 1133 486 1185 fulvo
499 1131 653 1196 chlamydem
663 1137 797 1184 contradus
808 1136 837 1184 ab
849 1151 921 1184 auro,

262 1212 363 1260 Venerat
372 1212 398 1260 ln
406 1210 476 1261 silvas
488 1215 514 1261 dt
523 1209 573 1262 filia
583 1211 644 1260 Solis
656 1210 770 1270 easdem,

260 1288 340 1355 thue
360 1305 435 1339 novas
451 1289 539 1356 legeret
549 1287 658 1343 fecundis
672 1289 776 1340 collibus
785 1289 886 1350 herbas,

258 1367 366 1434 Nomine
374 1365 437 1417 dina
450 1369 494 1419 suo
502 1367 596 1420 Circaea
608 1403 616 1428 ,
628 1367 756 1434 reliquerat
767 1384 831 1417 arva.

260 1446 319 1508 Quae
336 1446 408 1498 simul
419 1464 447 1497 ac
462 1449 588 1513 juvenem,
599 1445 708 1512 virgultis
724 1443 815 1501 abdita,
831 1442 909 1505 vidit,

213 1525 403 1592 trooustupuirr
414 1522 522 1575 cecidere
538 1526 591 1574 sinu
602 1557 610 1584 ‚
628 1540 686 1590 quas
703 1523 809 1589 legerat,
820 1524 922 1584 herbe,

259 1604 414 1668 flammaque
424 1618 466 1668 per
475 1616 538 1652 totas
547 1602 596 1652 visa
606 1601 640 1652 est
649 1615 723 1650 errare
735 1597 863 1650 medullae.

258 1681 295 1730 Ut
303 1680 410 1746 primaint
421 1677 503 1730 valido
514 1693 621 1728 mentem
632 1677 731 1742 collegit
747 1679 776 1728 ab
791 1677 866 1743 aeliu,

258 1755 326 1817 Quid
339 1771 448 1823 cuperet,
467 1753 553 1805 fali'uta
570 1755 625 1803 fuit.
637 1753 675 1804 Ne
685 1751 762 1820 posset
773 1752 853 1810 adire.
889 1747 894 1754 '

257 1827 348 1878 Cursus
363 1830 419 1894 equi
432 1827 505 1886 fecit,
518 1827 722 1894 circumfususque
733 1827 835 1878 satelles.

213 1915 238 1962 ii
245 1906 316 1958 iNon
332 1921 412 1956 tamen
425 1902 540 1971 effugies,
555 1919 629 1956 vento
645 1908 735 1970 rapiare
746 1906 846 1967 licebit,

259 1988 284 2036 Si
295 1982 371 2036 modb
381 2001 421 2034 ane
432 1984 490 2034 noti
500 2018 510 2044 ‚
527 1986 546 2032 si
556 1999 606 2032 non
617 1985 712 2034 evanuit
722 1987 802 2034 omnis

257 2064 392 2115 Herbarum
401 2065 497 2123 virtus,
513 2079 556 2113 nee
568 2080 607 2111 me
619 2079 672 2112 mea
684 2063 790 2112 carnrina
800 2060 900 2115 fallunt.

257 2142 343 2193 Dixita
354 2146 379 2192 &
397 2139 519 2207 effigiem,
532 2140 602 2189 nullo
617 2156 674 2189 cunr
686 2155 804 2204 corpore,
821 2139 877 2188 falsi

258 2220 338 2269 Finxit
352 2222 401 2285 apri
413 2238 419 2268 ε
432 2233 563 2285 preterque
572 2216 656 2273 oculos
666 2218 821 2268 transcurrere
830 2220 892 2281 regia

211 2299 342 2354 remissit,
363 2300 390 2347 bc
404 2300 429 2345 in
445 2295 547 2346 denium
556 2296 661 2345 trabibus
672 2311 755 2345 nemus
764 2297 797 2343 ire
807 2292 898 2349 videri,

258 2376 363 2424 Plurima
373 2373 423 2439 qud
432 2374 491 2425 silva
507 2374 557 2430 est.
573 2378 600 2426 δι
616 2391 679 2441 equo
689 2374 743 2425 loca
757 2376 838 2440 pervia
848 2390 898 2423 non
908 2374 974 2425 suut.

257 2449 327 2501 Haud
347 2467 431 2501 mora:
444 2450 561 2501 continui
569 2450 656 2518 praede
670 2455 731 2517 petit
742 2453 828 2501 inscius
841 2453 953 2503 umbrant

257 2532 341 2589 Picue3
354 2531 456 2597 equique
466 2529 528 2579 celer
540 2529 658 2581 fumantia
669 2545 734 2597 terga
745 2530 874 2596 relinquit:

257 2611 375 2676 Spemque
384 2610 482 2674 sequens
492 2624 596 2669 vanam,
612 2607 672 2659 silvi
688 2608 759 2673 pedes
772 2623 832 2659 errat
843 2612 869 2657 in
880 2604 939 2659 alta.

212 2692 238 2739 3⁶
246 2707 251 2727 =
259 2687 375 2753 Concipit
391 2686 435 2736 illa
448 2703 544 2751 preces,
554 2692 580 2737 bt
594 2687 666 2739 verba
675 2686 781 2738 venefica
794 2685 873 2746 dicit,

258 2767 402 2832 ignotosque
416 2764 481 2815 Deos
493 2768 579 2831 ignoto
591 2768 694 2815 carmine
710 2764 811 2827 adorat,

258 2845 314 2904 Quo
324 2844 385 2894 solet
401 2847 426 2894 bc
440 2846 515 2895 niveae
528 2845 624 2896 vulnun
635 2842 782 2895 confundere
791 2846 881 2903 Luna.

258 2922 289 2971 Er
298 2924 377 2987 patrio
389 2924 463 2989 capiti
472 2923 564 2975 bibulas
572 2924 693 2977 subtexere
703 2923 785 2973 nubet.

258 3000 323 3049 Tum
339 3016 436 3067 quoque
447 3016 543 3053 cantato
552 2998 777 3055 denseturcarmine
792 3002 900 3066 coelurn,

211 3076 288 3126 370Et
305 3078 402 3128 nebulas
415 3079 509 3130 exhalat
519 3080 622 3137 buntur,
633 3082 747 3147 cerisque
757 3096 874 3145 vagantur

259 3156 386 3208 limitibus
397 3160 498 3208 comites
509 3176 515 3206 ι
528 3157 624 3207 &abeli
635 3156 740 3207 custodia
751 3162 810 3225 regi.

257 3231 331 3279 Naba
347 3232 429 3283 locum
440 3234 648 3302 tempusque,‚1³er
655 3270 665 3297 ,
676 3234 710 3285 iri
721 3251 761 3287 tua
769 3238 861 3291 lumina
868 3273 879 3301 ,
890 3238 970 3303 dria,
