2334 4150
200 532 622 610 ManAnonrrroseou
633 537 670 606 L.
682 537 781 606 er.
799 561 860 624 333

153 648 240 706 Durior
258 662 282 706 δι
295 658 357 706 ferro
367 693 375 717 ‚
387 657 455 723 quod
465 659 567 709 Noricus
583 661 695 724 excoquit
710 661 788 724 iguis,

154 735 263 794 Etsaxo,
288 734 355 801 quod
370 735 448 788 adhuc
459 736 514 785 vivi
530 735 608 789 radice
628 751 741 798 tenetur,
847 791 850 802 Ι

155 813 247 876 Spernit
264 814 289 860 dt
307 810 402 866 irridet:
417 812 529 877 fallitque
541 814 674 863 immitibus
688 810 758 861 addit

154 887 232 939 Verba
242 890 339 952 superba
350 887 417 940 ferox
428 908 434 936 z
445 893 470 938 it
480 890 519 954 spe
529 905 624 958 quoque
633 887 726 944 fraudat
737 903 914 950 amantem.7r5

155 965 213 1016 Non
227 966 283 1016 tulit
293 969 419 1031 impatiens
433 966 500 1031 longi
512 981 632 1015 tormenta
642 965 732 1015 doloris
792 1016 795 1022 ,

156 1041 237 1109 Iphis,
249 1047 275 1094 ὅ(
289 1044 416 1095 anteferes
427 1045 476 1098 haec
491 1044 562 1095 ,uerba
573 1047 702 1096 novissima
718 1043 786 1092 dixit.

156 1121 238 1170 Vincis
250 1156 258 1179 ,
275 1122 417 1189 Anaxarpte:
430 1137 507 1186 neque
518 1136 588 1174 erunt
600 1122 644 1170 ribi
656 1118 725 1171 taedia
736 1119 833 1174 tandem
851 1120 853 1124 ’

158 1198 215 1247 Ulla
232 1196 328 1252 ferenda
339 1202 409 1253 mihi.
427 1199 504 1247 Laetos
519 1198 606 1247 molire
617 1200 770 1263 triumphos,

158 1277 190 1326 Et
209 1276 291 1328 Paeana
304 1293 378 1337 voca,
395 1275 519 1342 nitidique
533 1278 652 1340 incingere
664 1275 740 1326 lauro.
828 1273 919 1337 '720
992 1300 1017 1352 ι’

158 1354 239 1402 Vincis
251 1358 315 1402 eninr
329 1390 339 1414 ,
353 1358 490 1419 moriorque
506 1355 581 1402 libens
591 1372 597 1401 r
607 1371 648 1418 age
661 1388 668 1412 ,
682 1354 772 1412 ferrea,
785 1352 870 1418 gaude.

158 1429 231 1481 Certi
243 1429 335 1496 aliquid
346 1429 441 1481 laudare
451 1433 499 1483 mei
511 1429 602 1494 cogieris
615 1463 623 1487 ,
641 1433 733 1494 eritque

158 1509 216 1577 Quo
230 1510 274 1556 tibi
291 1509 335 1555 sim
349 1522 429 1571 gratus
441 1525 447 1554 r
459 1509 620 1575 ¹turritumque
633 1505 736 1568 iatebere
748 1507 862 1558 nostrum.

159 1585 219 1636 Non
232 1600 313 1633 tamen
329 1599 384 1634 anre
398 1586 432 1634 tui
444 1599 525 1632 curam
535 1580 626 1633 cessiss'e
637 1599 776 1642 memento,

159 1663 342 1725 Quimvitam3
359 1660 502 1730 geminique
519 1660 590 1714 simul
604 1662 663 1708 mihi
674 1660 725 1708 luce
736 1657 919 1723 carendumyrq

160 1741 214 1795 Nec
234 1742 280 1790 tibi
295 1741 369 1789 Fama
385 1741 433 1793 mei
449 1754 548 1789 ventura
564 1738 597 1786 est
614 1741 702 1790 nuncia
713 1738 773 1794 leti3

160 1818 213 1883 lpse
228 1834 288 1881 ego,
307 1833 338 1868 rte
352 1818 461 1877 dubitet,
472 1814 544 1873 adero
556 1834 564 1874 3
576 1819 722 1886 praesensque
732 1815 832 1866 videbor
840 1852 849 1878 ,
893 1849 895 1858 ι

161 1895 273 1960 Corpore
294 1909 322 1944 ut
338 1898 440 1947 exanimi
458 1893 564 1946 crudelia
574 1894 665 1946 lumina
676 1895 764 1962 pascas.

162 1975 188 2022 si
205 1989 287 2022 tamen
297 2007 305 2032 ,
317 1971 350 2022 ri!
369 1975 466 2038 Superi,
480 1970 592 2020 mortalia
606 1971 656 2019 fata
664 1969 769 2030 videris,

160 2051 216 2102 Este
234 2054 281 2101 mei
292 2067 409 2100 memores
421 2068 427 2100 r
437 2049 498 2098 nihil
509 2048 572 2097 ultra
583 2047 663 2113 lingua
675 2051 764 2113 precari
880 2069 928 2114 730¹

162 2128 279 2186 Sustinet3
292 2132 317 2176 dt
335 2127 409 2191 longo
427 2127 498 2175 facire
510 2141 537 2175 ut
547 2142 709 2173 memoremur
723 2128 748 2174 in
763 2142 830 2187 ενοι

162 2206 214 2265 Ει,
231 2222 285 2271 quae
302 2204 417 2254 demsistis
426 2207 500 2264 vitae,
517 2203 572 2254 dare
584 2218 693 2267 tempora
704 2196 783 2253 fama.
806 2266 808 2271 Α

163 2281 252 2331 Dixit:
266 2286 291 2336 ,dc
306 2279 336 2329 ad
353 2281 428 2345 postes
441 2317 449 2342 ‚
461 2295 559 2330 ornatos
570 2282 629 2349 saepe
641 2283 750 2336 coronis,

163 2358 297 2409 Humentes
308 2357 391 2414 oculos
403 2361 427 2409 δι
439 2356 529 2422 pallida
540 2359 635 2413 brachia
649 2356 763 2419 tendens,

162 2434 231 2486 cum
251 2435 340 2484 foribus
354 2434 432 2509 laquei
444 2434 554 2499 religaret
565 2433 661 2483 vincula
669 2434 771 2495 summi;
881 2458 925 2504 735

163 2512 224 2563 Haec
245 2513 289 2561 ribi
305 2514 364 2560 serta
378 2512 490 2575 placent,
507 2508 610 2559 crudelis
625 2514 649 2561 δε
661 2514 753 2577 impia?
768 2512 838 2565 dixit.
936 2559 941 2568 .

162 2589 314 2655 inseruitque
328 2604 418 2652 caput,
437 2587 478 2637 sed
493 2603 544 2637 tum
556 2592 740 2664 quoqueversus
753 2590 783 2641 ad
796 2593 880 2658 illam,

164 2671 247 2734 Atque
266 2683 326 2716 onus
341 2665 445 2725 infelix,
460 2666 518 2714 elisi
528 2666 609 2726 fauce,
622 2666 744 2731 pependit.

164 2736 215 2802 leia
226 2742 315 2808 pedum
327 2758 396 2791 motu
407 2742 585 2807 trepidantum,
602 2760 628 2794 ut
646 2746 723 2795 multa
732 2763 867 2812 gementem

164 2824 227 2873 Visa
240 2817 328 2870 dediffe
347 2822 432 2876 sonum
448 2820 495 2886 est,
513 2818 670 2897 adapertaque
680 2826 751 2887 ianua
762 2826 850 2876 Fadium
883 2843 931 2891 740

164 2896 281 2951 Prodidit
293 2916 299 2946 r
311 2897 444 2950 exclamant
456 2898 540 2945 farnuli
553 2916 559 2945 ε
573 2898 702 2964 frustraque
715 2900 819 2952 levatum
831 2939 840 2965 ,

165 2980 235 3030 Nam
246 2991 312 3042 pater
322 2972 443 3023 occiderat
454 3010 461 3034 ,
477 2974 581 3023 referunt
591 2973 621 3024 ad
634 2978 716 3025 limina
727 2984 818 3030 marris.

165 3053 265 3119 Accipit
279 3054 322 3102 iila
336 3055 408 3111 sinu,
426 3052 598 3117 complexaque
609 3052 695 3118 frigida
705 3059 755 3105 nari

167 3133 283 3183 Membra
294 3133 345 3191 sni,
358 3131 409 3195 post
424 3131 499 3197 quint
510 3122 647 3181 miserarum
659 3133 731 3181 verba
742 3136 866 3199 parenttim

169 3208 273 3270 Edidit3
292 3214 316 3267 ,δι
326 3224 430 3266 matrum
440 3211 578 3266 miserarum
590 3208 650 3260 facia
659 3213 765 3281 peregit3
826 3218 828 3225 “

835 3292 837 3297 .
886 3254 931 3301 745
