2334 4150
213 502 643 582 Merauomaoseou
665 510 704 578 L.
735 510 785 578 II.
816 537 861 601 49

143 635 222 686 Vertit
233 632 435 699 iter31coeloque,
450 634 511 699 petit
524 630 614 682 diversa
624 668 633 693 ‚
645 632 744 681 resino:
865 645 912 689 730

145 714 195 762 Nec
207 714 230 761 se
245 711 394 761 dissimulat:
403 726 469 759 tanta
479 712 512 760 est
522 710 610 761 fiducia
623 711 718 761 formae.

145 790 203 850 Quae
214 806 364 855 quamquam
374 790 433 854 Justa
443 790 488 844 est,
500 790 556 839 curti
568 805 648 839 tamen
659 786 762 855 adjuvat
767 789 835 839 illam
847 808 855 848 ;

145 868 425 932 Permulcetquecomas,
432 866 645 933 chlamydemque,
654 883 681 917 ut
686 866 789 932 pendeat
797 884 866 933 apte,

145 944 261 994 Collocat
273 964 280 992 e
294 958 321 992 ut
332 944 437 1004 limbus,
453 960 579 1010 totumque
595 962 704 1010 appareat
714 963 797 995 aurum
808 963 817 1006 3

147 1021 181 1070 Ut
194 1038 255 1071 teres
270 1025 297 1070 iu
309 1020 405 1080 dextra,
414 1038 461 1087 qua
467 1021 563 1071 somnos
573 1022 641 1072 ducit
652 1028 677 1072 &
688 1040 767 1085 ercet,
868 1028 914 1073 735

147 1100 220 1165 Virga
231 1104 278 1157 sit3
296 1114 323 1147 ut
333 1103 400 1148 tersis
408 1103 500 1149 niteant
512 1102 595 1150 talaria
605 1102 702 1167 plantis.

148 1178 202 1227 Pars
213 1180 304 1226 secreta
315 1175 402 1226 domtis
412 1179 483 1227 ebore
496 1182 521 1227 δι
533 1178 647 1228 testudine
659 1180 737 1229 cultor

149 1256 206 1305 Tres
211 1258 297 1304 habuit
303 1256 434 1305 thalamos:
444 1272 546 1321 quorum
556 1272 581 1305 tu
590 1256 722 1316 ,Pandrose
729 1294 738 1317 ,
746 1255 866 1317 dextrum,

149 1333 265 1399 Aglauros
276 1334 382 1392 laevum,
394 1332 501 1383 medium
511 1332 645 1399 possederat
656 1336 736 1385 Herse.

151 1410 209 1470 Qua
225 1414 303 1460 tenuit
313 1412 418 1470 levum,
435 1416 570 1461 venientem
583 1417 660 1477 prima
669 1418 764 1464 notavit
869 1427 918 1472 740

151 1488 313 1537 Mercurium:
322 1504 458 1554 nomenque
470 1490 515 1538 Dei
529 1492 633 1539 scitarier
643 1493 697 1539 ausa
707 1492 756 1552 est,

151 1566 181 1617 Et
197 1568 295 1615 causam
305 1565 430 1615 adventus.
447 1566 495 1615 Cui
508 1570 541 1615 sic
553 1566 675 1631 respondit
686 1567 789 1617 Atlantis

152 1644 310 1709 Pleionesque
320 1660 393 1709 nepos
402 1664 408 1693 ι
418 1646 470 1709 Ego
484 1647 550 1704 sum,
562 1648 604 1710 qui
614 1642 674 1711 jussa
688 1662 806 1710 perantes

152 1722 230 1771 Verba
243 1726 317 1787 patris
328 1738 407 1786 porto.
423 1724 491 1771 Pater
502 1723 534 1771 est
542 1726 602 1772 mihi
614 1724 720 1789 luppiter
730 1727 798 1790 ipse5

152 1800 202 1850 Nec
214 1800 306 1865 fingam
321 1802 409 1849 causas.
422 1802 459 1849 Tu
471 1801 564 1850 tannim
577 1800 625 1851 fida
635 1804 711 1852 sorori
845 1816 847 1819 ⁴
868 1818 916 1868 745

152 1874 205 1927 Effe
221 1879 298 1936 velis',
311 1878 431 1943 prolisque
441 1896 499 1927 rneae
513 1894 639 1929 matertera
645 1879 708 1934 dici.

152 1956 224 2005 Herse
236 1958 306 2005 causa
316 1959 377 2005 vite:
391 1956 468 2006 faveas
478 1974 572 2007 oramus
584 1962 683 2007 amanti.

152 2036 244 2100 Aspicit
256 2024 321 2083 hunc
332 2034 408 2083 oculis
416 2032 506 2091 isdem,
518 2037 604 2102 quibus
615 2034 697 2086 abdita
706 2052 781 2101 nuper

153 2113 254 2163 Viderat
264 2113 380 2177 Aglauros
390 2111 457 2163 slave
466 2115 556 2162 secreta
566 2104 681 2163 Minervae
690 2133 697 2173 3

154 2191 248 2257 Proque
270 2192 401 2240 ministerio
417 2195 499 2256 magni
515 2193 558 2242 sibi
572 2191 686 2256 ponderis
701 2209 786 2242 aurum
875 2200 922 2249 750

154 2269 261 2319 Posiulat
273 2287 279 2318 e
294 2273 384 2318 interea
395 2271 460 2318 tellis
471 2267 581 2318 excedere
592 2273 666 2334 cogit.

154 2349 236 2397 Vertit
246 2346 278 2397 ad
289 2351 351 2397 hanc
363 2351 426 2397 torvi
434 2348 485 2396 Dea
493 2347 580 2396 bellica
591 2347 688 2397 luminis
698 2350 797 2408 orbem3

153 2424 184 2474 Et
195 2441 267 2474 tanto
279 2429 371 2489 penitus
381 2428 452 2474 traxit
461 2426 558 2490 suspiria
571 2441 659 2488 motu,

155 2503 189 2551 Ur
202 2505 398 2568 perstupentes,
412 2506 561 2569 positamque
573 2507 599 2552 in
612 2507 705 2570 pectore
718 2492 776 2554 forti
818 2556 822 2565 ,

154 2580 244 2646 AEgida
260 2596 408 2632 concuteret.
427 2582 509 2641 Subit,
521 2583 582 2630 hanc
594 2599 677 2631 arcana
688 2582 789 2647 profana
877 2604 921 2651 755

155 2657 279 2708 Detexilse
292 2677 363 2709 manu
374 2675 425 2709 tum
432 2694 440 2720 ,
455 2659 510 2708 crim
520 2663 570 2708 sine
580 2675 656 2708 matre
666 2676 768 2708 creatam
782 2695 790 2719 ‚

155 2737 306 2788 lemnicolae
321 2737 416 2803 stirpem
432 2753 515 2787 contra
526 2735 581 2786 data
593 2735 685 2786 foedera
700 2734 779 2794 vidit3

155 2817 187 2866 Et
204 2832 349 2882 gratamque
360 2817 414 2864 Deo
429 2816 481 2864 sore
495 2819 562 2880 jam,
580 2829 719 2880 gratamque
733 2815 827 2869 sorori;

156 2894 187 2943 Et
206 2892 288 2943 ditem
298 2895 392 2953 sumto,
407 2891 475 2960 quod
487 2909 555 2942 avara
566 2894 701 2957 poposcerit
713 2927 721 2952 ,
733 2907 801 2940 auro.

131 3007 134 3012 -
156 2972 272 3022 Protinus
290 2971 403 3030 Invidiae,
420 2975 489 3036 nigro
501 2969 633 3037 squalentia
648 2971 719 3025 rabo,
877 2979 926 3034 7'60

157 3049 233 3099 Testa
250 3053 319 3115 petit.
335 3049 429 3099 Domus
441 3049 476 3097 est
490 3051 543 3096 imis
552 3051 577 3096 in
588 3048 690 3096 vallibus
701 3050 764 3096 antri

154 3127 249 3178 Abdita
261 3163 270 3188 ,
287 3128 336 3176 sole
353 3143 450 3189 carens,
462 3143 512 3175 non
523 3125 566 3174 ulli
576 3127 756 3190 pertinento,

154 3204 242 3256 Tristis
254 3241 263 3266 ,
283 3209 309 3254 δι
321 3209 400 3272 ignavi
410 3205 546 3273 plenissima
556 3203 665 3270 frigoris3
677 3205 702 3252 δι
712 3217 765 3268 quae

191 3287 268 3334 Tom.
288 3287 334 3335 11.
758 3280 781 3331 C
