2334 4150
521 500 529 525 N

328 571 424 659 4P.
456 571 657 639 Ovrorr
694 573 932 639 Nasonis

280 701 306 747 ¹5
326 694 430 761 Quique
445 693 491 743 fuit
506 692 595 752 tellus,
606 691 659 741 illic
670 696 793 757 &pontus
805 697 830 741 bc
843 699 894 741 a'e'r:

325 774 363 821 Sic
374 787 423 820 erat
434 769 547 822 instabilis
561 768 647 828 tellus,
663 771 775 819 innabilis
790 768 874 830 unda,

324 850 394 898 Lucis
408 864 478 913 egens
489 854 527 896 a‘e'r
539 867 545 895 ε
559 847 621 896 nulli
631 849 673 895 sua
683 846 762 896 forma
772 849 901 907 manebat;

324 927 484 991 Obstabatque
497 926 549 974 aliis
560 923 645 975 aliud:
659 928 715 992 quia
728 942 829 990 corpore
839 930 865 974 in
876 941 925 974 uno

322 1005 341 1053 f
343 1003 418 1068 rigida
431 1004 570 1069 pugnabant
585 1002 688 1062 calidis,
701 1006 825 1052 humentia
839 1005 923 1061 siccis,

272 1096 303 1127 20
321 1083 409 1133 Mollia
421 1100 476 1131 curn
491 1080 573 1141 duris,
590 1085 640 1130 sine
651 1078 757 1147 pondere
766 1082 878 1136 habentia
891 1077 994 1144 pondus.

320 1160 389 1209 Hane
407 1160 471 1209 Deus
483 1164 507 1209 δι
522 1160 610 1210 melior
620 1159 689 1209 litem
701 1159 793 1209 Natura
804 1157 902 1211 diremit
914 1177 921 1208 t

320 1236 385 1287 Nam
396 1238 460 1286 coelo
470 1253 558 1295 terras,
575 1241 600 1286 δε
613 1240 680 1285 terris
691 1235 792 1286 abscidit
802 1235 895 1295 undas;
977 1227 980 1231 ’

319 1316 352 1365 Et
367 1314 487 1381 liquidum
499 1312 570 1380 spisso
582 1316 683 1363 secrevit
693 1317 722 1363 ab
734 1320 785 1363 a‘e're
796 1314 895 1364 coelum.

320 1394 379 1455 Qua
392 1394 517 1460 postquam
530 1392 638 1451 evolvie,
650 1404 761 1458 cecoque
771 1396 976 1455 exemitacerso,

274 1491 299 1538 25
320 1468 453 1521 Diffociata
469 1472 528 1521 loeis
539 1468 655 1520 concordi
665 1488 723 1536 pace
736 1470 828 1535 ligavit.

320 1551 393 1615 Ignea
403 1552 508 1599 convexi*
517 1552 553 1600 vis
565 1553 590 1599 bt
602 1554 653 1599 sine
664 1546 769 1615 pondere
780 1548 836 1599 coeli

318 1626 440 1688 Emicuit,
455 1628 596 1693 summique
608 1627 691 1677 locum
701 1629 747 1677 sibi
758 1628 818 1693 legit
827 1631 852 1677 in
863 1645 926 1679 arce.

319 1708 445 1757 Proximus
459 1705 491 1753 est
502 1711 541 1753 a'e'r
551 1704 588 1752 ilii
600 1704 713 1764 levitate,
725 1706 837 1770 locoque.

318 1782 423 1840 Densior
433 1783 469 1830 his
485 1781 572 1841 tellus,
588 1781 754 1847 elementaque
765 1781 864 1847 grandia
875 1787 964 1844 traxit3

273 1872 301 1919 30
319 1860 349 1907 Et
365 1856 440 1923 pressa
450 1859 483 1907 est
493 1861 609 1923 gravitate
620 1860 664 1907 sui.
677 1858 840 1909 Circumfluus
853 1864 942 1911 humor

321 1937 413 1987 Ultima
430 1934 533 2003 possedit
542 1970 550 1997 ,
570 1934 724 2003 solidumque
741 1942 848 1988 co'e'reuit
863 1941 957 1989 orbem.

351 2101 389 2150 Sic
400 2100 441 2152 ubi
451 2096 590 2164 dispositam
600 2134 608 2160 ,
620 2102 727 2167 quisquis
737 2100 784 2149 fuit
793 2101 834 2150 ille
845 2101 952 2151 Deorum
961 2136 971 2162 ,

319 2177 466 2250 Congeriem
481 2181 571 2239 secuit,
584 2180 717 2245 sesiamque
731 2182 756 2227 in
770 2180 876 2228 membra
887 2177 978 2244 redegit
984 2195 995 2241 3

320 2257 442 2320 Principio
458 2270 559 2315 tetram,
576 2272 607 2304 ne
621 2274 671 2304 non
681 2257 776 2321 aequalis
790 2259 819 2305 ab
830 2259 898 2305 omni

273 2346 299 2390 35
319 2333 387 2380 Parte
408 2330 483 2384 foret,
496 2332 577 2398 magni
590 2333 692 2394 speciem
701 2333 845 2394 glomeravit
856 2337 882 2380 in
897 2335 971 2384 orbis.

319 2409 384 2458 Tum
395 2407 454 2456 freta
466 2405 584 2465 diffundi,
596 2406 731 2472 rapidisque
743 2410 872 2457 tumescere
882 2414 959 2460 ventis

318 2485 407 2544 iussit,
424 2488 447 2536 bc
461 2486 556 2532 antbitae
568 2482 716 2537 circumdare
728 2485 799 2538 litora
814 2500 889 2537 terrae.

319 2560 421 2613 Addidit
435 2565 460 2610 δε
475 2561 741 2631 fontes,immensaque
753 2563 846 2627 stagna,
860 2562 989 2635 lacusque5

319 2643 475 2704 Fluminaque
486 2639 591 2704 obliquis
601 2642 675 2688 cinxit
686 2637 788 2688 declivia
798 2643 853 2706 ripis
864 2660 870 2689 ε

272 2737 303 2780 40
320 2721 379 2780 Qua·
394 2716 486 2767 diversa
503 2715 579 2777 locis,
595 2721 683 2782 partim
698 2719 822 2766 sorbentur
837 2722 866 2768 ab
877 2721 940 2786 ipsa,

320 2800 348 2847 in
367 2796 431 2845 niate
448 2799 589 2860 perveniunt
608 2799 710 2859 partim,
729 2813 863 2862 campoque
878 2814 972 2864 recepta

321 2877 448 2924 liberioris
462 2888 543 2937 aqua,
557 2887 601 2934 pro
614 2875 670 2934 ripis
685 2873 756 2918 litora
769 2874 872 2935 pulsant.

320 2955 391 3001 iussit
402 2955 427 3004 δι
442 2946 537 3004 extendi
551 2963 665 3010 campos,
678 2945 795 2995 subsidere
805 2949 895 3009 valles,

320 3027 413 3080 Fronde
426 3030 474 3090 tegi
485 3024 568 3084 silvas,
580 3022 699 3090 lapidosos
710 3025 802 3090 surgere
813 3043 916 3076 montet.

271 3115 299 3158 45
319 3110 401 3174 thue
412 3104 464 3155 duae
477 3101 559 3151 dextri
570 3101 675 3160 coelum,
692 3101 840 3169 totidemque
853 3105 944 3155 sinistri

320 3187 389 3234 Parte
399 3186 479 3232 secant
490 3180 562 3229 Zona·
573 3215 580 3239 ,
593 3183 677 3247 quinta
688 3181 720 3228 est
731 3180 852 3230 ardentior
862 3183 910 3232 illis
916 3202 926 3245 3

322 3267 359 3315 Sic
371 3279 431 3313 onus
439 3260 557 3312 inclusum
568 3275 669 3309 numero
680 3256 786 3310 distinxit
796 3257 883 3313 eodem
