2334 4150
229 514 702 591 Mernuonrnorroni.
716 514 818 583 VIII.
842 535 901 602 175

188 643 345 708 Excipiuntur
358 641 434 707 aquai,
453 656 505 706 quae
515 653 606 688 nornen
618 639 688 688 traxit
699 636 729 686 ab
739 635 794 685 illo.
909 649 956 696 ²30

174 709 220 771 'At
237 737 305 786 pater
314 720 415 779 infelix,
427 735 471 768 nec
488 721 536 782 jam
555 729 635 782 pater,
653 715 732 768 itare,
746 711 826 770 dixit,

187 799 271 859 itare,
289 797 370 857 dixit,
391 799 431 846 ubi
442 813 466 844 es
477 800 486 844 i
502 794 551 860 qui
566 810 590 843 te
600 795 697 858 regione
709 794 845 857 requiram?

186 876 267 936 lcate,
288 874 401 932 dicebat;
420 891 507 939 pennas
519 875 609 938 aspexit
620 875 646 922 in
663 868 753 929 undis,

185 953 339 1019 Devovitque
356 956 406 1002 suas
416 966 477 1012 artes
489 970 495 999 ι
507 967 640 1016 corpusque
651 948 759 1013 sepulcro

186 1030 324 1083 Condidit:
337 1035 362 1081 it
375 1031 445 1081 tellus
454 1047 468 1080 a
477 1032 576 1079 nomine
587 1026 649 1077 diua
659 1026 753 1092 sepulti.
906 1042 916 1074 2
923 1043 948 1092 35

218 1190 308 1250 Hunc,
320 1192 400 1240 miseri
417 1189 512 1240 tumulo
523 1203 653 1254 ponentem
667 1201 768 1251 corpora
781 1185 850 1242 nati,
870 1244 873 1253 f

184 1269 285 1318 Garrula
301 1268 396 1317 ramosi
413 1269 532 1334 prospexit
546 1268 576 1316 ab
590 1267 645 1315 ilice
656 1261 756 1329 perdix:

183 1346 215 1395 Et
224 1346 312 1410 plausit
331 1350 432 1411 pennis,
451 1346 578 1412 testataque
597 1342 684 1410 gaudia
698 1357 768 1392 cantu
783 1331 824 1389 eil.
893 1383 896 1390 .

183 1422 262 1473 Unica
275 1440 331 1473 tunc
342 1425 445 1474 volucris
457 1459 465 1483 ,
476 1425 577 1473 necvisa
587 1424 704 1487 prioribus
715 1423 781 1468 annis
792 1437 798 1467 e

182 1501 299 1567 Fatiaque
307 1519 382 1566 nuper
392 1505 458 1561 avis,
470 1502 570 1566 longum
587 1502 645 1554 tibi,
661 1497 760 1548 Dadale
770 1499 868 1546 crimen.
900 1505 946 1550 ²40

181 1578 294 1645 Namque
308 1583 363 1628 huic
374 1576 522 1638 tradiderat,
535 1579 640 1628 satorum
651 1579 749 1640 ignara,
761 1571 896 1624 docendam

181 1658 323 1723 Progeniem
333 1673 446 1722 germana
457 1658 523 1706 suam
535 1689 544 1712 ,
560 1655 678 1704 natalibus
691 1655 746 1704 attis

178 1734 217 1784 liis
229 1751 329 1800 puerum
341 1736 400 1785 senis
411 1770 420 1796 ,
433 1737 508 1784 animi
518 1732 549 1784 ad
560 1748 677 1799 precepta
687 1733 785 1797 rapacia.

178 1813 223 1862 Ille
232 1817 305 1864 etiam
321 1811 403 1862 medio
418 1815 494 1883 spinas
509 1817 535 1863 iu
545 1815 608 1878 pisce
619 1826 713 1862 notatas

178 1891 262 1940 Traxit
280 1893 307 1940 in
324 1891 475 1956 exemplum,
487 1893 598 1958 ferroque
610 1889 698 1941 incidit
708 1904 780 1940 acuto
896 1903 939 1950 245

178 1968 306 2034 Perpetuos
321 1967 417 2029 deusest
434 1973 458 2020 it
473 1971 540 2019 serrat
550 1971 637 2034 reperit
647 1971 725 2017 usum.

177 2045 270 2096 Primus
287 2049 313 2096 δι
329 2038 359 2095 'ex
369 2063 419 2096 uno
430 2044 480 2097 duo
494 2047 675 2097 ferreabrachia
686 2043 752 2095 uodo

175 2123 261 2173 Vinxit
268 2142 277 2182 3
298 2138 337 2179 ut,
349 2125 435 2191 aequali
448 2127 525 2191 spatio
536 2123 676 2175 distantibus
687 2123 754 2184 illis,

173 2200 256 2250 Altera
269 2216 322 2266 pars
340 2202 424 2261 staret,
437 2219 491 2267 pars
501 2203 576 2252 altera
594 2200 691 2253 duceret
706 2203 800 2253 orbem.

173 2277 287 2328 Dadalus
300 2277 402 2334 invidit,
414 2279 527 2348 sacrique
537 2297 565 2329 et
576 2296 629 2330 arte
645 2276 774 2347 Minerva,
892 2293 938 2340 ²50

172 2355 323 2421 Pracipitem
337 2360 427 2417 mittit,
443 2357 536 2424 lapsum
547 2362 670 2409 mentitus.
681 2358 809 2420 Atilium,

172 2433 233 2495 Qua
248 2434 312 2484 favet
322 2438 440 2500 ingeniis,
458 2438 550 2501 excepit
561 2436 659 2497 Palias3
675 2453 792 2503 avemque

172 2510 305 2573 Reddidit,
323 2517 349 2563 δι
368 2512 450 2563 medio
461 2513 550 2565 velavit
559 2518 585 2564 in
596 2522 647 2565 ae're
658 2519 750 2581 pennis.

170 2586 218 2637 Sed
236 2592 307 2653 vigor
318 2592 407 2655 ingenii
418 2624 426 2649 ,
443 2583 566 2658 quondam
573 2593 665 2642 velocis
673 2584 686 2651 ,¹
694 2597 720 2642 in
730 2592 798 2654 alat,

170 2665 245 2732 inque
256 2665 327 2731 pedes
337 2670 396 2717 abiit
406 2686 413 2715 r
425 2684 529 2727 nomen,
539 2668 607 2735 quod
617 2674 642 2719 ἃ
655 2686 727 2730 ante,
738 2676 859 2721 remansit.
889 2688 901 2720 2
907 2690 932 2733 ,ς

168 2742 228 2792 Non
239 2759 320 2795 tamen
330 2748 380 2795 hac
396 2745 443 2795 alti
452 2746 556 2795 volucris
566 2749 607 2797 sua
619 2764 720 2812 corpora
735 2749 818 2809 tollit,

168 2820 222 2872 Nec
232 2821 291 2871 facit
301 2826 326 2871 in
337 2826 422 2878 timis,
433 2823 531 2889 altoque
541 2828 683 2885 cacumine,
695 2823 765 2875 nidor
777 2842 783 2873 r

167 2900 268 2965 Propter
282 2903 385 2951 humum
395 2901 497 2962 volitat,
512 2907 629 2971 ponitque
640 2907 666 2953 in
677 2904 769 2969 sepibus
780 2920 825 2955 ova
831 2924 839 2965 ς

167 2978 315 3047 Antiquique
324 2998 438 3043 mernor,
455 2985 542 3032 metuit
552 2982 663 3033 sublimia
673 2982 748 3033 castis.

197 3137 298 3203 Jamque
310 3138 438 3205 fatigatum
450 3140 520 3191 tellus
530 3142 623 3194 AEmaea
634 3142 729 3192 tenebat
884 3144 930 3184 260

163 3213 286 3270 Daedalott
293 3250 303 3280 ,
320 3220 345 3268 ic
357 3220 439 3270 sumtis
446 3236 491 3287 pro
501 3220 606 3289 supplice
617 3219 722 3349 Corripis
732 3220 803 3271 armis

727 3312 752 3349 tt
