2334 4150
252 496 317 558 162
420 488 464 558 P.
496 491 648 557 Ournrr
672 491 865 560 Nasorrrs

280 610 380 661 Talibus
389 624 461 677 atque
470 610 522 660 aliis
533 610 633 676 longum
645 613 793 662 sermonibus
805 611 844 661 illi
924 655 927 672 ,

246 687 379 754 implevere
396 688 460 740 diem
472 708 478 737 r
493 688 551 738 lucis
562 705 614 753 part
626 687 712 738 ultima
724 691 809 740 mensae

247 767 288 816 Est
307 766 376 827 data,
388 783 436 816 nox
452 768 549 816 somnis.
561 767 633 815 iubar
643 783 727 816 aureus
741 767 857 816 extulerat
873 764 932 817 Sole
982 806 988 811 .

204 850 207 856 '
247 844 332 894 flabat
346 842 422 894 adhue
434 844 522 903 Eurus,
535 842 694 910 redituraque
709 842 762 894 vela
773 845 877 894 tenebat.

199 930 244 986 σας
252 921 285 971 td
303 921 439 986 Cephalum
451 920 558 971 Pallante
573 923 632 975 sati.
645 925 684 970 cui
695 919 807 987 grandior
817 937 888 981 κω,

246 998 370 1064 Adregem
377 998 516 1064 Cephalus,
527 999 598 1048 simul
611 1004 635 1050 δι
647 1000 754 1050 Pallante
765 1003 838 1051 creati
930 993 935 1000 ¹

246 1075 402 1128 Conveniunt
413 1095 420 1125 ι
431 1075 472 1126 sed
480 1075 558 1128 adltuc
568 1095 649 1142 regern
660 1079 731 1142 sopor
741 1077 803 1128 altus
813 1077 925 1128 habebat.

245 1155 340 1221 Excipit
357 1154 467 1206 AEacides
476 1155 533 1205 illoc
543 1159 569 1207 in
585 1157 670 1205 limine
682 1157 773 1206 Phocus
783 1175 789 1204 :

244 1232 319 1282 Nam.
329 1231 450 1285 Telamon
460 1232 580 1299 fraterque
593 1237 657 1282 viros
671 1232 701 1284 ad
713 1233 776 1282 bella
787 1233 906 1298 legebant.

199 1310 341 1364 670Phocut
351 1312 377 1359 in
390 1313 489 1360 interint
503 1312 603 1376 spatium
619 1310 777 1378 pulchrosque
794 1308 893 1360 recessus

245 1385 395 1452 Cecropidae
417 1386 501 1438 ducit:
511 1405 567 1438 cum
581 1387 637 1456 quis
647 1390 717 1440 simul
728 1392 775 1456 ipse
786 1388 881 1444 resedit.
899 1386 902 1388 ’

245 1466 337 1530 Aspicit
354 1464 468 1516 AEoliden
481 1466 565 1532 ignoti
575 1483 603 1516 ex
618 1468 701 1516 arbore
712 1466 800 1517 salium

246 1543 315 1594 Ferre
331 1544 537 1609 manujaculurn,
557 1548 623 1610 cujus
641 1544 688 1599 fuit
698 1561 767 1594 aurea
779 1546 865 1611 cuspis.

246 1621 324 1671 Pauca
336 1621 400 1688 ptitle
414 1620 502 1672 mediis
514 1623 662 1672 sermonibus
677 1622 718 1672 ille
736 1621 849 1681 locutus,

198 1701 304 1757 6755um
313 1691 441 1752 nemorum
452 1698 582 1756 studiosus,
596 1703 630 1748 ait
641 1733 649 1758 ,
661 1697 780 1765 cedisque
790 1700 887 1759 serin23

246 1778 300 1838 Qui
312 1794 392 1828 tamen
402 1795 414 1825 e
425 1776 485 1827 silvi
495 1792 575 1826 teneas
584 1775 668 1824 hastile
678 1778 778 1826 recisum
789 1811 797 1836 ,

245 1856 298 1904 lam
309 1853 401 1904 dudum
412 1851 515 1903 dubitor
527 1853 604 1907 certi,
623 1855 642 1902 si
653 1853 758 1902 fraxinus
769 1851 841 1912 effer,

246 1931 320 1982 Fulva
330 1931 412 1981 colore
423 1930 486 1982 foret
498 1950 504 1980 r
516 1935 536 1982 ti
555 1946 659 1990 cornus,
674 1928 751 1979 nodut
763 1927 856 1988 inesset.

246 2007 316 2058 Unde
335 2011 383 2068 sit,
397 2011 485 2076 ignoro
493 2027 500 2057 e
508 2007 549 2058 sed
561 2025 610 2058 non
622 2007 750 2058 formosius
760 2007 804 2058 isto

198 2087 366 2139 eroviderunr
377 2088 443 2139 oculi
451 2088 527 2138 telum
537 2086 663 2153 jaculabile
673 2086 755 2137 nollri.

246 2168 341 2233 Excipit
354 2170 436 2218 Aeaeis
451 2153 587 2217 esratriltut
597 2166 671 2227 alter,
689 2169 731 2226 δι,
749 2165 827 2217 Usum

246 2246 367 2310 Majorem
385 2246 462 2311 specie
476 2246 614 2305 mirabere,
632 2243 710 2305 dixit,
726 2247 754 2294 in
765 2245 819 2295 illo.

247 2322 425 2389 Consequitur,
438 2322 608 2389 quodcumque
617 2325 695 2387 petit3
706 2323 857 2389 fortunaque
867 2322 966 2375 misum

246 2401 304 2451 Non
313 2404 374 2465 regit
382 2421 388 2449 ε
397 2404 422 2449 δι
433 2400 538 2459 revolat,
549 2399 619 2449 nullo
629 2400 760 2457 referente,
779 2416 914 2451 cruentum.

199 2468 228 2517 ‘⁸
234 2486 243 2530 5
248 2480 311 2528 Tum
321 2477 379 2527 verd
390 2480 481 2539 iuvenis
493 2478 595 2527 Nereius
604 2480 687 2528 omnia
697 2481 784 2543 querit
794 2497 801 2528 t

247 2557 299 2607 Cur
317 2560 363 2617 sit,
375 2560 400 2605 δι
416 2554 479 2605 unde
497 2553 581 2605 datum
595 2574 603 2615 3
615 2558 668 2621 quis
683 2560 744 2607 tanti
756 2560 860 2607 muneris
875 2560 965 2607 auctor.

248 2635 307 2695 Quae
318 2638 393 2701 petit,
415 2634 457 2683 ille
467 2633 555 2684 refert:
569 2631 625 2695 sed,
645 2650 699 2702 que
716 2651 810 2687 narrare
820 2633 907 2701 pudori
916 2636 966 2698 est,

248 2713 303 2774 Qui
319 2713 402 2763 tulerit
418 2710 542 2774 mercede,
560 2712 766 2779 silentiumque
784 2711 869 2775 dolore

247 2792 367 2857 Coniugis
376 2788 481 2852 amisse,
499 2792 611 2853 lacrymis
621 2794 655 2843 ita
667 2790 730 2841 futur
743 2793 844 2841 obortit.

199 2881 247 2928 690
281 2869 335 2919 line
348 2886 404 2930 me,
424 2885 480 2919 nate
490 2868 557 2928 Dei,
574 2874 628 2937 quie
639 2871 713 2934 potuit
723 2866 833 2923 crederer
846 2868 921 2919 telum

249 2948 315 2996 flere
334 2947 405 3006 facit,
423 2948 544 3014 facietque
554 2946 612 3006 diu,
623 2951 642 2999 si
655 2950 735 2997 vivere
745 2946 814 2995 nobit

249 3024 306 3073 Fata
323 3022 365 3073 diu
373 3023 492 3075 dederint.
508 3025 563 3076 lloc
573 3043 613 3075 me
623 3042 679 3073 curn
692 3027 792 3089 conjuge
801 3021 855 3071 cari

249 3099 356 3150 Perdidit
367 3104 431 3153 tlioc
449 3105 541 3153 utinam
555 3100 679 3154 coiissent
693 3117 789 3152 munere
807 3102 918 3167 semper!

249 3178 343 3230 Procris
351 3194 422 3242 erate
441 3182 461 3231 ti
479 3180 543 3232 sorti
556 3182 631 3251 mugla
649 3180 755 3249 pertenit
769 3175 800 3232 ad
814 3194 882 3231 auree
961 3230 964 3237 ,
