2334 4150
230 569 656 638 MnrArronrrrosnou
679 563 720 632 L.
745 567 790 632 Χ.
825 588 890 652 231

180 687 286 756 (illaque
298 725 306 750 ,
326 691 485 748 sentimum,
496 701 605 754 penetrat
612 702 702 736 tremor
713 706 719 735 ι
731 685 831 750 albaque
843 699 908 734 toto,-

180 771 279 820 Vertite
292 773 388 820 canities
401 767 482 834 rigidis
493 769 555 818 stetit
569 771 631 818 hirta
642 766 751 833 capillis:
786 817 790 826 ,
896 779 947 826 421*

180 846 324 913 Multaque,
338 863 490 898 utexcuteret
502 846 580 906 diros,
591 850 610 895 si
619 844 713 911 pollet,
724 859 833 900 amores,

180 923 293 980 Addidit.
308 929 340 974 At
354 929 422 992 virgo
440 928 483 975 scit
493 927 575 974 senon
587 925 646 974 falsa
660 922 772 974 mone-rie

182 1001 260 1054 Certa
269 1006 331 1052 mori
346 1019 427 1054 tamen
436 1003 486 1058 est,
502 1006 582 1052 sinon
594 1006 697 1068 potiatur
708 1016 800 1051 amato.

182 1080 246 1129 Vive
258 1113 266 1138 ,
283 1085 317 1130 ait
327 1085 395 1140 hec3
409 1084 499 1146 potiere
511 1096 571 1140 tuo,
585 1072 637 1130 non
647 1082 713 1139 ausa,
727 1092 840 1144 parente,

181 1156 289 1217 Dicere,
304 1162 420 1208 conticuit
431 1177 437 1207 ι
449 1155 608 1225 promissaque
619 1162 716 1206 nurnine
727 1156 815 1206 firmat.
897 1172 950 1219 430

216 1237 283 1286 felia
293 1240 337 1301 pia
354 1235 446 1289 Cereris
459 1237 610 1286 celebrabant
620 1252 698 1285 annua
713 1249 802 1285 matter

183 1312 245 1372 llla,
262 1315 348 1378 quibus
357 1314 428 1364 nivel
439 1315 524 1364 velata
534 1331 636 1380 corpora
646 1313 708 1364 veste

182 1391 304 1441 Primitias
321 1391 417 1456 frugum
428 1390 499 1452 daut,
511 1394 588 1457 spicea
598 1393 675 1450 serta,
685 1393 795 1443 suatum:

185 1469 277 1536 Perque
295 1487 383 1519 novem
394 1471 473 1518 nolles
483 1471 616 1529 Venerem,
635 1473 754 1534 taiiueque
769 1466 868 1528 vitiles,

185 1547 214 1596 ln
228 1549 309 1597 vetitis
326 1562 461 1597 numerant.
478 1547 561 1596 Turbi
571 1546 701 1596 Cenchriis
717 1549 744 1594 in
755 1544 798 1594 illa
898 1549 947 1597 435

185 1627 256 1691 Regis
267 1623 332 1675 adesi
344 1629 449 1690 conjux,
462 1641 593 1692 arcanaque
608 1626 673 1673 satra
682 1622 826 1688 frequentat·

185 1703 267 1769 Ergo,
280 1703 388 1770 legitimi
397 1719 484 1754 vacuus
498 1691 556 1752 dum
568 1706 670 1766 conjuge
682 1701 771 1758 lenus,

185 1782 262 1834 Nadia
272 1799 370 1847 gravem
384 1784 443 1832 vino
456 1781 565 1844 Cyuitan
574 1777 727 1846 maldiedula
737 1777 837 1836 nutrix,

155 1879 161 1888 ·
186 1859 294 1910 Nomine
309 1863 428 1920 mentito,
444 1876 513 1910 veros
523 1862 620 1924 exponit
630 1873 736 1906 morena

185 1937 218 1987 Et
235 1936 418 1988 latiemlaudat.
432 1938 649 2001 Quaesititvirginis
660 1938 743 1992 annin
783 1978 786 1986 .
899 1935 952 1984 4⁴⁰

185 2017 232 2066 Par
241 2051 249 2074 ,
261 2019 304 2076 ait,
314 2016 346 2064 est
359 2015 555 2079 Myrrhae.qutn
564 2014 616 2080 post
626 2013 702 2080 quim
711 2008 827 2061 adducere
837 2003 896 2074 luffa
905 2006 961 2065 eil„

187 2094 270 2160 thue
282 2093 382 2143 domum
399 2093 472 2143 rediit
481 2128 488 2153 ,
497 2092 580 2145 Gaude
592 2110 646 2143 mea
655 2127 663 2147 ,
672 2090 734 2141 dixit
744 2123 755 2150 ,
764 2089 872 2139 alumna:
973 2124 976 2130 -

186 2170 297 2221 Vicimus
307 2171 314 2220 l
325 2171 409 2221 infelix
418 2188 468 2221 non
479 2186 531 2221 toto
542 2187 643 2235 corpore
653 2171 725 2218 sentit

188 2250 311 2299 Laetitiam
319 2253 405 2314 virgu;
419 2251 568 2314 praesagaque
576 2251 671 2313 penora
680 2259 787 2295 merent.

187 2326 235 2379 Sed
254 2342 334 2377 tamen
345 2332 369 2378 ic
380 2327 481 2394 gaudet:
494 2341 560 2376 tante
570 2326 603 2375 est
613 2322 732 2375 discordia
743 2322 844 2372 mentiti
901 2332 949 2381 m

221 2407 328 2472 Tempus
346 2421 394 2455 etat
405 2440 413 2467 ,
428 2422 480 2473 quo
489 2406 571 2455 cundta
581 2404 652 2453 silent
662 2420 670 2462 3
681 2405 789 2466 interque
800 2400 901 2449 Triones

187 2484 296 2535 flexerat
306 2483 411 2549 ‘obliquo
420 2483 553 2547 plaustrum
561 2496 659 2531 temone
665 2481 752 2531 Bootes
763 2498 771 2528 a

188 2560 228 2613 Ad
241 2560 332 2610 facinus
341 2564 408 2610 venit
417 2560 459 2611 illa
470 2562 546 2613 suum.
558 2560 629 2624 Fugit
638 2575 707 2608 aurea
716 2557 785 2608 ereio

189 2640 274 2689 Luna:
287 2652 371 2703 tegunt
381 2642 453 2703 nigra
467 2638 585 2687 latitantia
596 2635 672 2687 sidera
688 2638 781 2695 nubent

191 2716 248 2767 Nox
263 2732 326 2766 caret
335 2719 390 2782 igne
401 2718 451 2765 suo.
463 2716 555 2765 Primos
566 2713 851 2780 regn,1eare‚vnitua·,
901 2713 954 2761 450

190 2794 343 2861 Erigoneque
355 2799 398 2859 pio·
406 2796 493 2843 saerata
503 2797 606 2858 parentis
616 2810 705 2844 amore.

193 2874 240 2925 Ter
251 2872 318 2937 pedis
329 2872 414 2923 offensi
425 2875 492 2938 signo
504 2872 537 2921 est
548 2887 658 2922 revocata
669 2890 676 2921 t
688 2886 725 2922 cer
733 2884 808 2921 emen

191 2952 309 3001 funereus
319 2952 384 3001 bubo
398 2950 464 3000 letali
474 2952 577 3000 carmine
589 2950 655 3001 fecit.

191 3029 215 3079 lt
223 3044 315 3078 tamen:
326 3033 350 3078 it
359 3030 460 3079 tenebra
469 3031 594 3084 minuunt,
605 3045 700 3095 noxque
710 3026 901 3093 atra‚pudorem.

193 3106 347 3173 Nutricisque
364 3124 461 3157 manum
475 3106 535 3157 laval
546 3123 627 3165 tenet;
643 3107 716 3156 altera
726 3120 796 3154 motu
905 3114 951 3162 455

193 3182 294 3234 Caecum
305 3188 349 3234 iter
365 3174 480 3250 eiplorat.
493 3186 660 3251 Thalamijatn
671 3184 754 3232 limina
761 3184 860 3247 tangit,
954 3228 957 3238 ,

193 3262 295 3330 Jamque
307 3261 370 3313 foret
380 3266 470 3332 aperit,
479 3266 529 3330 jam
540 3261 635 3314 ducitur
644 3267 708 3315 intua
720 3281 726 3311 2
738 3275 764 3311 at
772 3259 813 3310 illi
889 3298 894 3307 .
908 3299 912 3307 .
