<?xml version="1.0" encoding="UTF-8"?>
<!DOCTYPE html PUBLIC "-//W3C//DTD XHTML 1.0 Transitional//EN"
    "http://www.w3.org/TR/xhtml1/DTD/xhtml1-transitional.dtd">
<html xmlns="http://www.w3.org/1999/xhtml" xml:lang="en" lang="en">
 <head>
  <title>
</title>
<meta http-equiv="Content-Type" content="text/html;charset=utf-8" />
  <meta name='ocr-system' content='tesseract 3.04.00' />
  <meta name='ocr-capabilities' content='ocr_page ocr_carea ocr_par ocr_line ocrx_word'/>
</head>
<body>
  <div class='ocr_page' id='page_1' title='image "./povidiinasoniso04ovidgoog_0343.png"; bbox 0 0 2334 4150; ppageno 0'>
   <div class='ocr_carea' id='block_1_1' title="bbox 239 458 904 562">
    <p class='ocr_par' dir='ltr' id='par_1_1' title="bbox 239 458 904 562">
     <span class='ocr_line' id='line_1_1' title="bbox 239 458 904 562; baseline 0.002 -20"><span class='ocrx_word' id='word_1_1' title='bbox 239 475 666 542; x_wconf 68' lang='lat' dir='ltr'>Mrrnnonirrosron</span> <span class='ocrx_word' id='word_1_2' title='bbox 679 469 717 539; x_wconf 87' lang='lat' dir='ltr'>L.</span> <span class='ocrx_word' id='word_1_3' title='bbox 728 458 827 542; x_wconf 78' lang='lat' dir='ltr'><em>XIV.</em></span> <span class='ocrx_word' id='word_1_4' title='bbox 843 497 856 562; x_wconf 80' lang='lat'><em>3</em></span> <span class='ocrx_word' id='word_1_5' title='bbox 867 498 904 562; x_wconf 80' lang='lat'>31</span> 
     </span>
    </p>
   </div>
   <div class='ocr_carea' id='block_1_2' title="bbox 181 591 952 894">
    <p class='ocr_par' dir='ltr' id='par_1_2' title="bbox 183 591 784 662">
     <span class='ocr_line' id='line_1_2' title="bbox 183 591 784 662; baseline -0.008 -16"><span class='ocrx_word' id='word_1_6' title='bbox 183 595 276 646; x_wconf 86' lang='lat' dir='ltr'>Corbe</span> <span class='ocrx_word' id='word_1_7' title='bbox 299 595 371 645; x_wconf 79' lang='lat' dir='ltr'>tulit!</span> <span class='ocrx_word' id='word_1_8' title='bbox 389 598 486 662; x_wconf 77' lang='lat' dir='ltr'>verique</span> <span class='ocrx_word' id='word_1_9' title='bbox 502 594 549 644; x_wconf 86' lang='lat' dir='ltr'>fuit</span> <span class='ocrx_word' id='word_1_10' title='bbox 564 591 671 644; x_wconf 85' lang='lat' dir='ltr'>mell&#39;oris</span> <span class='ocrx_word' id='word_1_11' title='bbox 684 593 784 658; x_wconf 77' lang='lat' dir='ltr'>imago!</span> 
     </span>
    </p>

    <p class='ocr_par' dir='ltr' id='par_1_3' title="bbox 181 671 952 817">
     <span class='ocr_line' id='line_1_3' title="bbox 182 671 952 742; baseline -0.016 -14"><span class='ocrx_word' id='word_1_12' title='bbox 182 675 314 738; x_wconf 82' lang='lat' dir='ltr'>Tempora</span> <span class='ocrx_word' id='word_1_13' title='bbox 326 676 386 739; x_wconf 77' lang='lat' dir='ltr'>sepe</span> <span class='ocrx_word' id='word_1_14' title='bbox 393 690 475 738; x_wconf 82' lang='lat' dir='ltr'>gerens</span> <span class='ocrx_word' id='word_1_15' title='bbox 483 672 550 722; x_wconf 83' lang='lat' dir='ltr'>foeno</span> <span class='ocrx_word' id='word_1_16' title='bbox 561 671 659 736; x_wconf 77' lang='lat' dir='ltr'>religata</span> <span class='ocrx_word' id='word_1_17' title='bbox 670 673 776 730; x_wconf 87' lang='lat' dir='ltr'>recenti,</span> <span class='ocrx_word' id='word_1_18' title='bbox 909 687 952 742; x_wconf 63' lang='lat'>⁶45</span> 
     </span>
     <span class='ocr_line' id='line_1_4' title="bbox 181 747 742 817; baseline -0.011 -15"><span class='ocrx_word' id='word_1_19' title='bbox 181 752 318 802; x_wconf 69' lang='lat' dir='ltr'>Deseelum</span> <span class='ocrx_word' id='word_1_20' title='bbox 329 767 423 817; x_wconf 83' lang='lat' dir='ltr'>poterat</span> <span class='ocrx_word' id='word_1_21' title='bbox 435 768 534 816; x_wconf 81' lang='lat' dir='ltr'>gramen</span> <span class='ocrx_word' id='word_1_22' title='bbox 545 747 644 800; x_wconf 73' lang='lat' dir='ltr'>versasse</span> <span class='ocrx_word' id='word_1_23' title='bbox 658 747 742 799; x_wconf 85' lang='lat' dir='ltr'>videri.</span> 
     </span>
    </p>

    <p class='ocr_par' dir='ltr' id='par_1_4' title="bbox 181 826 854 894">
     <span class='ocr_line' id='line_1_5' title="bbox 181 826 854 894; baseline -0.004 -16"><span class='ocrx_word' id='word_1_24' title='bbox 181 831 254 894; x_wconf 69' lang='lat' dir='ltr'>sepe</span> <span class='ocrx_word' id='word_1_25' title='bbox 266 847 339 880; x_wconf 85' lang='lat' dir='ltr'>manu</span> <span class='ocrx_word' id='word_1_26' title='bbox 349 831 456 880; x_wconf 82' lang='lat' dir='ltr'>stimulos</span> <span class='ocrx_word' id='word_1_27' title='bbox 469 827 548 894; x_wconf 66' lang='lat' dir='ltr'>rigidi</span> <span class='ocrx_word' id='word_1_28' title='bbox 559 829 687 892; x_wconf 79' lang='lat' dir='ltr'>portabat3</span> <span class='ocrx_word' id='word_1_29' title='bbox 703 826 812 876; x_wconf 88' lang='lat' dir='ltr'>utillum</span> <span class='ocrx_word' id='word_1_30' title='bbox 850 881 854 888; x_wconf 35' lang='lat'>¹</span> 
     </span>
    </p>
   </div>
   <div class='ocr_carea' id='block_1_3' title="bbox 83 898 756 972">
    <p class='ocr_par' dir='ltr' id='par_1_5' title="bbox 83 898 756 972">
     <span class='ocr_line' id='line_1_6' title="bbox 83 898 756 972; baseline -0.006 -14"><span class='ocrx_word' id='word_1_31' title='bbox 83 898 84 901; x_wconf 8' lang='grc' dir='ltr'><strong>Ἴ</strong></span> <span class='ocrx_word' id='word_1_32' title='bbox 179 908 280 958; x_wconf 77' lang='lat' dir='ltr'>Jurarea</span> <span class='ocrx_word' id='word_1_33' title='bbox 298 906 369 958; x_wconf 74' lang='lat' dir='ltr'>fessos</span> <span class='ocrx_word' id='word_1_34' title='bbox 385 906 462 958; x_wconf 75' lang='lat' dir='ltr'>modo</span> <span class='ocrx_word' id='word_1_35' title='bbox 479 903 616 972; x_wconf 77' lang='lat' dir='ltr'>disjunxiffe</span> <span class='ocrx_word' id='word_1_36' title='bbox 636 911 756 970; x_wconf 77' lang='lat' dir='ltr'>juvencos.</span> 
     </span>
    </p>
   </div>
   <div class='ocr_carea' id='block_1_4' title="bbox 168 984 956 2597">
    <p class='ocr_par' dir='ltr' id='par_1_6' title="bbox 180 984 813 1049">
     <span class='ocr_line' id='line_1_7' title="bbox 180 984 813 1049; baseline 0 -17"><span class='ocrx_word' id='word_1_37' title='bbox 180 985 257 1034; x_wconf 78' lang='lat' dir='ltr'>falce</span> <span class='ocrx_word' id='word_1_38' title='bbox 271 985 345 1044; x_wconf 66' lang='lat' dir='ltr'>dati,</span> <span class='ocrx_word' id='word_1_39' title='bbox 362 984 490 1035; x_wconf 75' lang='lat' dir='ltr'>frondator</span> <span class='ocrx_word' id='word_1_40' title='bbox 504 1000 554 1034; x_wconf 88' lang='lat' dir='ltr'>erat</span> <span class='ocrx_word' id='word_1_41' title='bbox 562 1019 571 1044; x_wconf 92' lang='lat'>,</span> <span class='ocrx_word' id='word_1_42' title='bbox 585 987 688 1049; x_wconf 86' lang='lat' dir='ltr'>vitisque</span> <span class='ocrx_word' id='word_1_43' title='bbox 702 989 813 1049; x_wconf 68' lang='lat' dir='ltr'>putator:</span> 
     </span>
    </p>

    <p class='ocr_par' dir='ltr' id='par_1_7' title="bbox 176 1058 956 1279">
     <span class='ocr_line' id='line_1_8' title="bbox 178 1058 956 1130; baseline -0.001 -22"><span class='ocrx_word' id='word_1_44' title='bbox 178 1058 297 1117; x_wconf 75' lang='lat' dir='ltr'>Induerat</span> <span class='ocrx_word' id='word_1_45' title='bbox 313 1060 405 1118; x_wconf 73' lang='lat' dir='ltr'>scalas?</span> <span class='ocrx_word' id='word_1_46' title='bbox 422 1061 538 1109; x_wconf 72' lang='lat' dir='ltr'>lellurum</span> <span class='ocrx_word' id='word_1_47' title='bbox 555 1077 630 1127; x_wconf 87' lang='lat' dir='ltr'>poma</span> <span class='ocrx_word' id='word_1_48' title='bbox 643 1075 745 1124; x_wconf 79' lang='lat' dir='ltr'>putares.</span> <span class='ocrx_word' id='word_1_49' title='bbox 908 1078 956 1130; x_wconf 72' lang='lat'>⁶50</span> 
     </span>
     <span class='ocr_line' id='line_1_9' title="bbox 177 1132 831 1204; baseline 0.003 -20"><span class='ocrx_word' id='word_1_50' title='bbox 177 1137 257 1186; x_wconf 84' lang='lat' dir='ltr'>Miles</span> <span class='ocrx_word' id='word_1_51' title='bbox 271 1153 321 1187; x_wconf 87' lang='lat' dir='ltr'>erat</span> <span class='ocrx_word' id='word_1_52' title='bbox 331 1173 341 1193; x_wconf 85' lang='lat'>,</span> <span class='ocrx_word' id='word_1_53' title='bbox 356 1136 438 1204; x_wconf 83' lang='lat' dir='ltr'>gladio</span> <span class='ocrx_word' id='word_1_54' title='bbox 450 1154 458 1194; x_wconf 77' lang='lat'>3</span> <span class='ocrx_word' id='word_1_55' title='bbox 472 1139 597 1202; x_wconf 83' lang='lat' dir='ltr'>piscator,</span> <span class='ocrx_word' id='word_1_56' title='bbox 613 1135 728 1186; x_wconf 86' lang='lat' dir='ltr'>arundine</span> <span class='ocrx_word' id='word_1_57' title='bbox 743 1132 831 1188; x_wconf 72' lang='lat' dir='ltr'>sumtd.</span> 
     </span>
     <span class='ocr_line' id='line_1_10' title="bbox 176 1211 771 1279; baseline 0.003 -19"><span class='ocrx_word' id='word_1_58' title='bbox 176 1211 294 1277; x_wconf 83' lang='lat' dir='ltr'>Denique</span> <span class='ocrx_word' id='word_1_59' title='bbox 303 1231 344 1279; x_wconf 89' lang='lat' dir='ltr'>per</span> <span class='ocrx_word' id='word_1_60' title='bbox 356 1214 444 1264; x_wconf 81' lang='lat' dir='ltr'>multas</span> <span class='ocrx_word' id='word_1_61' title='bbox 456 1213 548 1264; x_wconf 90' lang='lat' dir='ltr'>aditum</span> <span class='ocrx_word' id='word_1_62' title='bbox 558 1215 603 1262; x_wconf 83' lang='lat' dir='ltr'>sibi</span> <span class='ocrx_word' id='word_1_63' title='bbox 614 1216 673 1278; x_wconf 75' lang='lat' dir='ltr'>sepe</span> <span class='ocrx_word' id='word_1_64' title='bbox 684 1213 771 1278; x_wconf 78' lang='lat' dir='ltr'>figuras</span> 
     </span>
    </p>

    <p class='ocr_par' dir='ltr' id='par_1_8' title="bbox 176 1285 753 1354">
     <span class='ocr_line' id='line_1_11' title="bbox 176 1285 753 1354; baseline 0.002 -18"><span class='ocrx_word' id='word_1_65' title='bbox 176 1288 296 1352; x_wconf 80' lang='lat' dir='ltr'>Repetit,</span> <span class='ocrx_word' id='word_1_66' title='bbox 308 1306 334 1338; x_wconf 92' lang='lat' dir='ltr'>ut</span> <span class='ocrx_word' id='word_1_67' title='bbox 344 1306 437 1354; x_wconf 88' lang='lat' dir='ltr'>caperet</span> <span class='ocrx_word' id='word_1_68' title='bbox 445 1291 552 1354; x_wconf 66' lang='lat' dir='ltr'>speciata</span> <span class='ocrx_word' id='word_1_69' title='bbox 563 1285 649 1353; x_wconf 84' lang='lat' dir='ltr'>gaudia</span> <span class='ocrx_word' id='word_1_70' title='bbox 659 1288 753 1338; x_wconf 77' lang='lat' dir='ltr'>formae.</span> 
     </span>
    </p>

    <p class='ocr_par' dir='ltr' id='par_1_9' title="bbox 174 1364 778 1429">
     <span class='ocr_line' id='line_1_12' title="bbox 174 1364 778 1429; baseline 0.003 -17"><span class='ocrx_word' id='word_1_71' title='bbox 174 1364 223 1413; x_wconf 89' lang='lat' dir='ltr'>llle</span> <span class='ocrx_word' id='word_1_72' title='bbox 239 1369 329 1423; x_wconf 84' lang='lat' dir='ltr'>etiam,</span> <span class='ocrx_word' id='word_1_73' title='bbox 344 1366 406 1429; x_wconf 64' lang='lat' dir='ltr'>pini</span> <span class='ocrx_word' id='word_1_74' title='bbox 422 1364 546 1415; x_wconf 82' lang='lat' dir='ltr'>redimitus</span> <span class='ocrx_word' id='word_1_75' title='bbox 558 1381 666 1428; x_wconf 89' lang='lat' dir='ltr'>tempora</span> <span class='ocrx_word' id='word_1_76' title='bbox 682 1365 778 1426; x_wconf 74' lang='lat' dir='ltr'>mitid,</span> 
     </span>
    </p>

    <p class='ocr_par' dir='ltr' id='par_1_10' title="bbox 173 1437 946 1740">
     <span class='ocr_line' id='line_1_13' title="bbox 175 1437 946 1506; baseline 0.003 -17"><span class='ocrx_word' id='word_1_77' title='bbox 175 1442 288 1506; x_wconf 80' lang='lat' dir='ltr'>Innitens</span> <span class='ocrx_word' id='word_1_78' title='bbox 306 1442 408 1499; x_wconf 87' lang='lat' dir='ltr'>baculo,</span> <span class='ocrx_word' id='word_1_79' title='bbox 423 1443 505 1506; x_wconf 82' lang='lat' dir='ltr'>positis</span> <span class='ocrx_word' id='word_1_80' title='bbox 517 1439 548 1490; x_wconf 89' lang='lat' dir='ltr'>ad</span> <span class='ocrx_word' id='word_1_81' title='bbox 559 1437 666 1504; x_wconf 80' lang='lat' dir='ltr'>tempora</span> <span class='ocrx_word' id='word_1_82' title='bbox 678 1443 742 1490; x_wconf 82' lang='lat' dir='ltr'>canis</span> <span class='ocrx_word' id='word_1_83' title='bbox 754 1477 763 1501; x_wconf 92' lang='lat'>‚</span> <span class='ocrx_word' id='word_1_84' title='bbox 903 1445 946 1498; x_wconf 74' lang='lat'>655</span> 
     </span>
     <span class='ocr_line' id='line_1_14' title="bbox 174 1519 839 1586; baseline 0.002 -16"><span class='ocrx_word' id='word_1_85' title='bbox 174 1520 335 1570; x_wconf 78' lang='lat' dir='ltr'>Assimulavit</span> <span class='ocrx_word' id='word_1_86' title='bbox 354 1536 425 1569; x_wconf 85' lang='lat' dir='ltr'>anum</span> <span class='ocrx_word' id='word_1_87' title='bbox 436 1539 443 1568; x_wconf 76' lang='lat' dir='ltr'>t</span> <span class='ocrx_word' id='word_1_88' title='bbox 454 1519 579 1586; x_wconf 85' lang='lat' dir='ltr'>cultosque</span> <span class='ocrx_word' id='word_1_89' title='bbox 590 1522 688 1568; x_wconf 84' lang='lat' dir='ltr'>intravit</span> <span class='ocrx_word' id='word_1_90' title='bbox 703 1523 728 1567; x_wconf 85' lang='lat' dir='ltr'>iri</span> <span class='ocrx_word' id='word_1_91' title='bbox 739 1522 839 1581; x_wconf 77' lang='lat' dir='ltr'>hortor,</span> 
     </span>
     <span class='ocr_line' id='line_1_15' title="bbox 173 1596 861 1663; baseline 0.001 -17"><span class='ocrx_word' id='word_1_92' title='bbox 173 1598 302 1662; x_wconf 79' lang='lat' dir='ltr'>Pomaque</span> <span class='ocrx_word' id='word_1_93' title='bbox 314 1600 399 1646; x_wconf 88' lang='lat' dir='ltr'>mirata</span> <span class='ocrx_word' id='word_1_94' title='bbox 409 1596 441 1644; x_wconf 88' lang='lat' dir='ltr'>est</span> <span class='ocrx_word' id='word_1_95' title='bbox 450 1614 456 1644; x_wconf 78' lang='lat' dir='ltr'>a</span> <span class='ocrx_word' id='word_1_96' title='bbox 466 1596 594 1660; x_wconf 79' lang='lat' dir='ltr'>Tauroque</span> <span class='ocrx_word' id='word_1_97' title='bbox 607 1598 728 1659; x_wconf 86' lang='lat' dir='ltr'>potentior</span> <span class='ocrx_word' id='word_1_98' title='bbox 740 1631 747 1656; x_wconf 94' lang='lat'>‚</span> <span class='ocrx_word' id='word_1_99' title='bbox 760 1599 848 1663; x_wconf 86' lang='lat' dir='ltr'>inquit.</span> <span class='ocrx_word' id='word_1_100' title='bbox 860 1597 861 1604; x_wconf 71' lang='grc'>’</span> 
     </span>
     <span class='ocr_line' id='line_1_16' title="bbox 173 1671 849 1740; baseline 0.001 -15"><span class='ocrx_word' id='word_1_101' title='bbox 173 1677 301 1740; x_wconf 84' lang='lat' dir='ltr'>Paucaque</span> <span class='ocrx_word' id='word_1_102' title='bbox 315 1673 416 1724; x_wconf 71' lang='lat' dir='ltr'>laudata</span> <span class='ocrx_word' id='word_1_103' title='bbox 433 1671 501 1722; x_wconf 82' lang='lat' dir='ltr'>dedit</span> <span class='ocrx_word' id='word_1_104' title='bbox 513 1673 611 1732; x_wconf 77' lang='lat' dir='ltr'>oscula,</span> <span class='ocrx_word' id='word_1_105' title='bbox 624 1673 705 1739; x_wconf 84' lang='lat' dir='ltr'>qualia</span> <span class='ocrx_word' id='word_1_106' title='bbox 717 1689 849 1740; x_wconf 77' lang='lat' dir='ltr'>numquam</span> 
     </span>
    </p>

    <p class='ocr_par' dir='ltr' id='par_1_11' title="bbox 170 1750 944 2128">
     <span class='ocr_line' id='line_1_17' title="bbox 173 1750 812 1818; baseline 0.008 -19"><span class='ocrx_word' id='word_1_107' title='bbox 173 1752 239 1801; x_wconf 77' lang='lat' dir='ltr'>l&#39;era</span> <span class='ocrx_word' id='word_1_108' title='bbox 260 1750 360 1804; x_wconf 80' lang='lat' dir='ltr'>rlediffet</span> <span class='ocrx_word' id='word_1_109' title='bbox 372 1769 429 1802; x_wconf 86' lang='lat' dir='ltr'>anus</span> <span class='ocrx_word' id='word_1_110' title='bbox 440 1771 446 1800; x_wconf 92' lang='lat'><strong>:</strong></span> <span class='ocrx_word' id='word_1_111' title='bbox 459 1751 576 1818; x_wconf 78' lang='lat' dir='ltr'>glebalque</span> <span class='ocrx_word' id='word_1_112' title='bbox 592 1753 691 1802; x_wconf 81' lang='lat' dir='ltr'>incurva</span> <span class='ocrx_word' id='word_1_113' title='bbox 706 1751 812 1815; x_wconf 80' lang='lat' dir='ltr'>resedit,</span> 
     </span>
     <span class='ocr_line' id='line_1_18' title="bbox 173 1827 944 1895; baseline -0.001 -15"><span class='ocrx_word' id='word_1_114' title='bbox 173 1832 306 1894; x_wconf 80' lang='lat' dir='ltr'>Suspiciens</span> <span class='ocrx_word' id='word_1_115' title='bbox 318 1829 408 1895; x_wconf 81' lang='lat' dir='ltr'>pandos</span> <span class='ocrx_word' id='word_1_116' title='bbox 417 1833 526 1881; x_wconf 85' lang='lat' dir='ltr'>autumni</span> <span class='ocrx_word' id='word_1_117' title='bbox 538 1827 642 1894; x_wconf 86' lang='lat' dir='ltr'>pondere</span> <span class='ocrx_word' id='word_1_118' title='bbox 655 1846 744 1880; x_wconf 81' lang='lat' dir='ltr'>tainus.</span> <span class='ocrx_word' id='word_1_119' title='bbox 861 1827 863 1830; x_wconf 69' lang='grc'><strong>’</strong></span> <span class='ocrx_word' id='word_1_120' title='bbox 895 1832 944 1874; x_wconf 67' lang='lat'>640</span> 
     </span>
     <span class='ocr_line' id='line_1_19' title="bbox 172 1908 812 1972; baseline 0.003 -16"><span class='ocrx_word' id='word_1_121' title='bbox 172 1908 261 1956; x_wconf 82' lang='lat' dir='ltr'>Ulmus</span> <span class='ocrx_word' id='word_1_122' title='bbox 278 1924 328 1958; x_wconf 75' lang='lat' dir='ltr'>erat</span> <span class='ocrx_word' id='word_1_123' title='bbox 344 1924 448 1967; x_wconf 78' lang='lat' dir='ltr'>contra,</span> <span class='ocrx_word' id='word_1_124' title='bbox 468 1909 568 1972; x_wconf 83' lang='lat' dir='ltr'>spatiosa</span> <span class='ocrx_word' id='word_1_125' title='bbox 583 1908 730 1958; x_wconf 85' lang='lat' dir='ltr'>tumentibus</span> <span class='ocrx_word' id='word_1_126' title='bbox 741 1910 812 1968; x_wconf 69' lang='lat' dir='ltr'>uulsa</span> 
     </span>
     <span class='ocr_line' id='line_1_20' title="bbox 172 1986 857 2058; baseline 0.003 -24"><span class='ocrx_word' id='word_1_127' title='bbox 172 1987 253 2046; x_wconf 83' lang='lat' dir='ltr'>Quam</span> <span class='ocrx_word' id='word_1_128' title='bbox 268 1986 333 2036; x_wconf 78' lang='lat' dir='ltr'>social</span> <span class='ocrx_word' id='word_1_129' title='bbox 342 1986 394 2050; x_wconf 87' lang='lat' dir='ltr'>post</span> <span class='ocrx_word' id='word_1_130' title='bbox 404 1986 478 2052; x_wconf 68' lang='lat' dir='ltr'>quam</span> <span class='ocrx_word' id='word_1_131' title='bbox 490 1989 577 2050; x_wconf 89' lang='lat' dir='ltr'>pariter</span> <span class='ocrx_word' id='word_1_132' title='bbox 592 2001 647 2034; x_wconf 90' lang='lat' dir='ltr'>cum</span> <span class='ocrx_word' id='word_1_133' title='bbox 661 1988 710 2034; x_wconf 87' lang='lat' dir='ltr'>vite</span> <span class='ocrx_word' id='word_1_134' title='bbox 725 1987 857 2058; x_wconf 86' lang='lat' dir='ltr'>probavit;</span> 
     </span>
     <span class='ocr_line' id='line_1_21' title="bbox 170 2062 816 2128; baseline -0.003 -13"><span class='ocrx_word' id='word_1_135' title='bbox 170 2066 204 2115; x_wconf 80' lang='lat' dir='ltr'>At</span> <span class='ocrx_word' id='word_1_136' title='bbox 225 2067 246 2113; x_wconf 84' lang='lat' dir='ltr'>si</span> <span class='ocrx_word' id='word_1_137' title='bbox 262 2065 352 2125; x_wconf 82' lang='lat' dir='ltr'>staret,</span> <span class='ocrx_word' id='word_1_138' title='bbox 367 2067 415 2124; x_wconf 86' lang='lat' dir='ltr'>ait,</span> <span class='ocrx_word' id='word_1_139' title='bbox 428 2063 512 2113; x_wconf 81' lang='lat' dir='ltr'>caelebs</span> <span class='ocrx_word' id='word_1_140' title='bbox 526 2067 575 2113; x_wconf 86' lang='lat' dir='ltr'>sine</span> <span class='ocrx_word' id='word_1_141' title='bbox 591 2062 690 2128; x_wconf 80' lang='lat' dir='ltr'>palmite</span> <span class='ocrx_word' id='word_1_142' title='bbox 702 2080 816 2125; x_wconf 78' lang='lat' dir='ltr'>truncus,</span> 
     </span>
    </p>

    <p class='ocr_par' dir='ltr' id='par_1_12' title="bbox 170 2134 884 2364">
     <span class='ocr_line' id='line_1_22' title="bbox 170 2134 884 2210; baseline 0.001 -18"><span class='ocrx_word' id='word_1_143' title='bbox 170 2142 214 2192; x_wconf 86' lang='lat' dir='ltr'>Nil</span> <span class='ocrx_word' id='word_1_144' title='bbox 236 2158 318 2207; x_wconf 72' lang='lat' dir='ltr'>preter</span> <span class='ocrx_word' id='word_1_145' title='bbox 339 2139 457 2201; x_wconf 79' lang='lat' dir='ltr'>frondes,</span> <span class='ocrx_word' id='word_1_146' title='bbox 472 2158 544 2210; x_wconf 86' lang='lat' dir='ltr'>quare</span> <span class='ocrx_word' id='word_1_147' title='bbox 562 2156 698 2206; x_wconf 85' lang='lat' dir='ltr'>peteretur,</span> <span class='ocrx_word' id='word_1_148' title='bbox 717 2143 824 2193; x_wconf 83' lang='lat' dir='ltr'>haberet.</span> <span class='ocrx_word' id='word_1_149' title='bbox 881 2134 884 2141; x_wconf 52' lang='lat'><strong>⁴</strong></span> 
     </span>
     <span class='ocr_line' id='line_1_23' title="bbox 170 2219 857 2286; baseline 0.003 -17"><span class='ocrx_word' id='word_1_150' title='bbox 170 2221 228 2269; x_wconf 79' lang='lat' dir='ltr'>llaec</span> <span class='ocrx_word' id='word_1_151' title='bbox 244 2236 340 2285; x_wconf 90' lang='lat' dir='ltr'>quoque</span> <span class='ocrx_word' id='word_1_152' title='bbox 351 2254 360 2280; x_wconf 91' lang='lat'>‚</span> <span class='ocrx_word' id='word_1_153' title='bbox 372 2236 425 2286; x_wconf 77' lang='lat' dir='ltr'>quae</span> <span class='ocrx_word' id='word_1_154' title='bbox 434 2219 514 2286; x_wconf 69' lang='lat' dir='ltr'>junsti</span> <span class='ocrx_word' id='word_1_155' title='bbox 529 2222 585 2269; x_wconf 78' lang='lat' dir='ltr'>vitis</span> <span class='ocrx_word' id='word_1_156' title='bbox 596 2222 722 2285; x_wconf 82' lang='lat' dir='ltr'>requiescit</span> <span class='ocrx_word' id='word_1_157' title='bbox 735 2223 759 2269; x_wconf 91' lang='lat' dir='ltr'>in</span> <span class='ocrx_word' id='word_1_158' title='bbox 771 2220 837 2273; x_wconf 85' lang='lat' dir='ltr'>ulmo</span> <span class='ocrx_word' id='word_1_159' title='bbox 848 2256 857 2283; x_wconf 88' lang='lat'><em>,</em></span> 
     </span>
     <span class='ocr_line' id='line_1_24' title="bbox 170 2297 754 2364; baseline 0.002 -16"><span class='ocrx_word' id='word_1_160' title='bbox 170 2299 195 2348; x_wconf 75' lang='lat' dir='ltr'>Si</span> <span class='ocrx_word' id='word_1_161' title='bbox 205 2314 254 2346; x_wconf 88' lang='lat' dir='ltr'>non</span> <span class='ocrx_word' id='word_1_162' title='bbox 264 2312 338 2364; x_wconf 86' lang='lat' dir='ltr'>nupta</span> <span class='ocrx_word' id='word_1_163' title='bbox 347 2298 428 2357; x_wconf 85' lang='lat' dir='ltr'>foret,</span> <span class='ocrx_word' id='word_1_164' title='bbox 446 2313 513 2348; x_wconf 81' lang='lat' dir='ltr'>terrae</span> <span class='ocrx_word' id='word_1_165' title='bbox 523 2297 642 2349; x_wconf 81' lang='lat' dir='ltr'>acclinata</span> <span class='ocrx_word' id='word_1_166' title='bbox 656 2302 754 2364; x_wconf 85' lang='lat' dir='ltr'>jaceret.</span> 
     </span>
    </p>

    <p class='ocr_par' dir='ltr' id='par_1_13' title="bbox 168 2374 822 2597">
     <span class='ocr_line' id='line_1_25' title="bbox 170 2374 822 2445; baseline 0.008 -22"><span class='ocrx_word' id='word_1_167' title='bbox 170 2374 208 2423; x_wconf 90' lang='lat' dir='ltr'>Tu</span> <span class='ocrx_word' id='word_1_168' title='bbox 224 2389 304 2425; x_wconf 84' lang='lat' dir='ltr'>tamen</span> <span class='ocrx_word' id='word_1_169' title='bbox 318 2375 429 2440; x_wconf 80' lang='lat' dir='ltr'>exemplo</span> <span class='ocrx_word' id='word_1_170' title='bbox 447 2391 497 2425; x_wconf 86' lang='lat' dir='ltr'>non</span> <span class='ocrx_word' id='word_1_171' title='bbox 515 2379 617 2441; x_wconf 83' lang='lat' dir='ltr'>tangeris</span> <span class='ocrx_word' id='word_1_172' title='bbox 632 2377 722 2427; x_wconf 84' lang='lat' dir='ltr'>arboris</span> <span class='ocrx_word' id='word_1_173' title='bbox 734 2379 822 2445; x_wconf 77' lang='lat' dir='ltr'>hujus,</span> 
     </span>
     <span class='ocr_line' id='line_1_26' title="bbox 169 2450 796 2521; baseline 0.013 -20"><span class='ocrx_word' id='word_1_174' title='bbox 169 2450 364 2521; x_wconf 82' lang='lat' dir='ltr'>Concubiturque</span> <span class='ocrx_word' id='word_1_175' title='bbox 375 2454 454 2519; x_wconf 56' lang='lat' dir='ltr'>fugin</span> <span class='ocrx_word' id='word_1_176' title='bbox 469 2470 514 2503; x_wconf 85' lang='lat' dir='ltr'>nec</span> <span class='ocrx_word' id='word_1_177' title='bbox 525 2469 548 2503; x_wconf 92' lang='lat' dir='ltr'>te</span> <span class='ocrx_word' id='word_1_178' title='bbox 558 2458 703 2521; x_wconf 82' lang='lat' dir='ltr'>conjungere</span> <span class='ocrx_word' id='word_1_179' title='bbox 720 2473 796 2509; x_wconf 84' lang='lat' dir='ltr'>curas.</span> 
     </span>
     <span class='ocr_line' id='line_1_27' title="bbox 168 2529 819 2597; baseline 0.006 -18"><span class='ocrx_word' id='word_1_180' title='bbox 168 2529 244 2595; x_wconf 78' lang='lat' dir='ltr'>Atque</span> <span class='ocrx_word' id='word_1_181' title='bbox 258 2534 351 2581; x_wconf 89' lang='lat' dir='ltr'>utinam</span> <span class='ocrx_word' id='word_1_182' title='bbox 361 2531 450 2584; x_wconf 80' lang='lat' dir='ltr'>vellet!</span> <span class='ocrx_word' id='word_1_183' title='bbox 471 2531 561 2580; x_wconf 75' lang='lat' dir='ltr'>Helene</span> <span class='ocrx_word' id='word_1_184' title='bbox 580 2548 630 2581; x_wconf 87' lang='lat' dir='ltr'>non</span> <span class='ocrx_word' id='word_1_185' title='bbox 642 2532 748 2597; x_wconf 79' lang='lat' dir='ltr'>pluribus</span> <span class='ocrx_word' id='word_1_186' title='bbox 761 2532 819 2587; x_wconf 73' lang='lat' dir='ltr'>ell&#39;et</span> 
     </span>
    </p>
   </div>
   <div class='ocr_carea' id='block_1_5' title="bbox 892 2208 936 2261">
    <p class='ocr_par' dir='ltr' id='par_1_14' title="bbox 892 2208 936 2261">
     <span class='ocr_line' id='line_1_28' title="bbox 892 2208 936 2261; baseline -0.045 -14"><span class='ocrx_word' id='word_1_187' title='bbox 892 2208 936 2261; x_wconf 59' lang='grc' dir='ltr'>σᾶς</span> 
     </span>
    </p>
   </div>
   <div class='ocr_carea' id='block_1_6' title="bbox 168 2608 1023 2674">
    <p class='ocr_par' dir='ltr' id='par_1_15' title="bbox 168 2608 1023 2674">
     <span class='ocr_line' id='line_1_29' title="bbox 168 2608 1023 2674; baseline -0.001 -17"><span class='ocrx_word' id='word_1_188' title='bbox 168 2608 289 2658; x_wconf 81' lang='lat' dir='ltr'>Solieirata</span> <span class='ocrx_word' id='word_1_189' title='bbox 303 2611 381 2673; x_wconf 85' lang='lat' dir='ltr'>procis</span> <span class='ocrx_word' id='word_1_190' title='bbox 392 2627 399 2655; x_wconf 74' lang='grc' dir='ltr'>ι</span> <span class='ocrx_word' id='word_1_191' title='bbox 411 2624 455 2657; x_wconf 87' lang='lat' dir='ltr'>nec</span> <span class='ocrx_word' id='word_1_192' title='bbox 465 2625 518 2674; x_wconf 78' lang='lat' dir='ltr'>quae</span> <span class='ocrx_word' id='word_1_193' title='bbox 529 2610 654 2673; x_wconf 80' lang='lat' dir='ltr'>Lapitheia</span> <span class='ocrx_word' id='word_1_194' title='bbox 666 2614 744 2659; x_wconf 87' lang='lat' dir='ltr'>movit</span> <span class='ocrx_word' id='word_1_195' title='bbox 885 2608 933 2656; x_wconf 70' lang='lat'>⁶70</span> <span class='ocrx_word' id='word_1_196' title='bbox 1018 2622 1023 2632; x_wconf 85' lang='lat'>&#39;</span> 
     </span>
    </p>
   </div>
   <div class='ocr_carea' id='block_1_7' title="bbox 158 2684 920 3229">
    <p class='ocr_par' dir='ltr' id='par_1_16' title="bbox 168 2684 755 2755">
     <span class='ocr_line' id='line_1_30' title="bbox 168 2684 755 2755; baseline 0.012 -23"><span class='ocrx_word' id='word_1_197' title='bbox 168 2685 252 2755; x_wconf 83' lang='lat' dir='ltr'>Proelia</span> <span class='ocrx_word' id='word_1_198' title='bbox 264 2719 272 2744; x_wconf 92' lang='lat'>,</span> <span class='ocrx_word' id='word_1_199' title='bbox 285 2701 328 2735; x_wconf 87' lang='lat' dir='ltr'>nec</span> <span class='ocrx_word' id='word_1_200' title='bbox 340 2689 428 2751; x_wconf 84' lang='lat' dir='ltr'>conjux</span> <span class='ocrx_word' id='word_1_201' title='bbox 439 2684 529 2735; x_wconf 82' lang='lat' dir='ltr'>timidis</span> <span class='ocrx_word' id='word_1_202' title='bbox 541 2686 636 2737; x_wconf 81' lang='lat' dir='ltr'>audacis</span> <span class='ocrx_word' id='word_1_203' title='bbox 654 2686 755 2751; x_wconf 81' lang='lat' dir='ltr'>Ulyffei.</span> 
     </span>
    </p>

    <p class='ocr_par' dir='ltr' id='par_1_17' title="bbox 167 2761 844 2912">
     <span class='ocr_line' id='line_1_31' title="bbox 167 2761 844 2833; baseline 0.012 -21"><span class='ocrx_word' id='word_1_204' title='bbox 167 2762 235 2812; x_wconf 87' lang='lat' dir='ltr'>Nunc</span> <span class='ocrx_word' id='word_1_205' title='bbox 253 2777 369 2827; x_wconf 85' lang='lat' dir='ltr'>quoque,</span> <span class='ocrx_word' id='word_1_206' title='bbox 387 2761 443 2812; x_wconf 82' lang='lat' dir='ltr'>etim</span> <span class='ocrx_word' id='word_1_207' title='bbox 460 2764 536 2829; x_wconf 81' lang='lat' dir='ltr'>fugias</span> <span class='ocrx_word' id='word_1_208' title='bbox 548 2768 704 2833; x_wconf 78' lang='lat' dir='ltr'>averserisque</span> <span class='ocrx_word' id='word_1_209' title='bbox 721 2783 844 2833; x_wconf 77' lang='lat' dir='ltr'>petentes,</span> 
     </span>
     <span class='ocr_line' id='line_1_32' title="bbox 167 2839 842 2912; baseline 0.01 -23"><span class='ocrx_word' id='word_1_210' title='bbox 167 2839 234 2889; x_wconf 87' lang='lat' dir='ltr'>Mille</span> <span class='ocrx_word' id='word_1_211' title='bbox 244 2843 314 2904; x_wconf 76' lang='lat' dir='ltr'>proci</span> <span class='ocrx_word' id='word_1_212' title='bbox 326 2843 446 2905; x_wconf 79' lang='lat' dir='ltr'>eupiunt3</span> <span class='ocrx_word' id='word_1_213' title='bbox 460 2845 483 2891; x_wconf 75' lang='lat' dir='ltr'>dt</span> <span class='ocrx_word' id='word_1_214' title='bbox 497 2841 664 2909; x_wconf 81' lang='lat' dir='ltr'>Semideique,</span> <span class='ocrx_word' id='word_1_215' title='bbox 674 2844 781 2912; x_wconf 80' lang='lat' dir='ltr'>Deique‚</span> <span class='ocrx_word' id='word_1_216' title='bbox 839 2840 842 2845; x_wconf 49' lang='lat'>¹</span> 
     </span>
    </p>

    <p class='ocr_par' dir='ltr' id='par_1_18' title="bbox 166 2918 796 2983">
     <span class='ocr_line' id='line_1_33' title="bbox 166 2918 796 2983; baseline 0.013 -16"><span class='ocrx_word' id='word_1_217' title='bbox 166 2918 196 2967; x_wconf 85' lang='lat' dir='ltr'>Et</span> <span class='ocrx_word' id='word_1_218' title='bbox 209 2933 362 2983; x_wconf 73' lang='lat' dir='ltr'>quecumque</span> <span class='ocrx_word' id='word_1_219' title='bbox 374 2932 456 2969; x_wconf 88' lang='lat' dir='ltr'>tenent</span> <span class='ocrx_word' id='word_1_220' title='bbox 468 2920 572 2971; x_wconf 77' lang='lat' dir='ltr'>Albanos</span> <span class='ocrx_word' id='word_1_221' title='bbox 583 2926 683 2973; x_wconf 80' lang='lat' dir='ltr'>numina</span> <span class='ocrx_word' id='word_1_222' title='bbox 692 2939 796 2975; x_wconf 81' lang='lat' dir='ltr'>montes.</span> 
     </span>
    </p>

    <p class='ocr_par' dir='ltr' id='par_1_19' title="bbox 166 2993 920 3143">
     <span class='ocr_line' id='line_1_34' title="bbox 167 2993 920 3069; baseline 0.017 -26"><span class='ocrx_word' id='word_1_223' title='bbox 167 2993 208 3043; x_wconf 86' lang='lat' dir='ltr'>Sed</span> <span class='ocrx_word' id='word_1_224' title='bbox 224 3010 248 3044; x_wconf 89' lang='lat' dir='ltr'>tu</span> <span class='ocrx_word' id='word_1_225' title='bbox 259 3028 267 3055; x_wconf 94' lang='lat'>‚</span> <span class='ocrx_word' id='word_1_226' title='bbox 288 2998 307 3045; x_wconf 80' lang='lat' dir='ltr'>si</span> <span class='ocrx_word' id='word_1_227' title='bbox 317 2998 391 3061; x_wconf 64' lang='lat' dir='ltr'>sapies</span> <span class='ocrx_word' id='word_1_228' title='bbox 402 3031 410 3058; x_wconf 88' lang='lat'>‚</span> <span class='ocrx_word' id='word_1_229' title='bbox 424 3000 443 3047; x_wconf 77' lang='lat' dir='ltr'>si</span> <span class='ocrx_word' id='word_1_230' title='bbox 454 3012 477 3047; x_wconf 88' lang='lat' dir='ltr'>te</span> <span class='ocrx_word' id='word_1_231' title='bbox 488 2999 547 3049; x_wconf 86' lang='lat' dir='ltr'>bene</span> <span class='ocrx_word' id='word_1_232' title='bbox 557 3003 671 3067; x_wconf 76' lang='lat' dir='ltr'>Jungere,</span> <span class='ocrx_word' id='word_1_233' title='bbox 686 3018 806 3069; x_wconf 86' lang='lat' dir='ltr'>ariumque</span> <span class='ocrx_word' id='word_1_234' title='bbox 875 3003 920 3060; x_wconf 67' lang='lat'>⁶75</span> 
     </span>
     <span class='ocr_line' id='line_1_35' title="bbox 166 3072 810 3143; baseline 0.016 -22"><span class='ocrx_word' id='word_1_235' title='bbox 166 3073 227 3123; x_wconf 83' lang='lat' dir='ltr'>Hanc</span> <span class='ocrx_word' id='word_1_236' title='bbox 243 3072 323 3124; x_wconf 90' lang='lat' dir='ltr'>audire</span> <span class='ocrx_word' id='word_1_237' title='bbox 339 3075 426 3135; x_wconf 79' lang='lat' dir='ltr'>volet,</span> <span class='ocrx_word' id='word_1_238' title='bbox 445 3093 497 3142; x_wconf 83' lang='lat' dir='ltr'>quae</span> <span class='ocrx_word' id='word_1_239' title='bbox 510 3092 532 3127; x_wconf 86' lang='lat' dir='ltr'>te</span> <span class='ocrx_word' id='word_1_240' title='bbox 544 3078 597 3142; x_wconf 86' lang='lat' dir='ltr'>plus</span> <span class='ocrx_word' id='word_1_241' title='bbox 613 3081 725 3129; x_wconf 83' lang='lat' dir='ltr'>omnibus</span> <span class='ocrx_word' id='word_1_242' title='bbox 742 3081 791 3130; x_wconf 81' lang='lat' dir='ltr'>illis</span> <span class='ocrx_word' id='word_1_243' title='bbox 800 3116 810 3143; x_wconf 86' lang='lat'>‚</span> 
     </span>
    </p>

    <p class='ocr_par' dir='ltr' id='par_1_20' title="bbox 158 3149 803 3229">
     <span class='ocr_line' id='line_1_36' title="bbox 158 3149 803 3229; baseline 0.02 -26"><span class='ocrx_word' id='word_1_244' title='bbox 158 3149 215 3205; x_wconf 44' lang='lat' dir='ltr'>‘Plus</span> <span class='ocrx_word' id='word_1_245' title='bbox 230 3151 304 3224; x_wconf 77' lang='lat' dir='ltr'>quan</span> <span class='ocrx_word' id='word_1_246' title='bbox 317 3152 408 3218; x_wconf 79' lang='lat' dir='ltr'>credis,</span> <span class='ocrx_word' id='word_1_247' title='bbox 425 3172 483 3213; x_wconf 79' lang='lat' dir='ltr'>amo</span> <span class='ocrx_word' id='word_1_248' title='bbox 493 3190 503 3221; x_wconf 87' lang='lat'><em>,</em></span> <span class='ocrx_word' id='word_1_249' title='bbox 515 3156 623 3229; x_wconf 70' lang='lat' dir='ltr'>vulgares</span> <span class='ocrx_word' id='word_1_250' title='bbox 634 3161 704 3229; x_wconf 79' lang='lat' dir='ltr'>rejice</span> <span class='ocrx_word' id='word_1_251' title='bbox 716 3156 803 3225; x_wconf 66' lang='lat' dir='ltr'>redata</span> 
     </span>
    </p>
   </div>
   <div class='ocr_carea' id='block_1_8' title="bbox 0 0 1172 4150">
    <p class='ocr_par' dir='ltr' id='par_1_21' title="bbox 0 0 1172 4150">
     <span class='ocr_line' id='line_1_37' title="bbox 0 0 1172 4150; baseline 0 7"><span class='ocrx_word' id='word_1_252' title='bbox 0 0 1172 4150; x_wconf 95' lang='lat' dir='ltr'> </span> 
     </span>
    </p>
   </div>
  </div>
 </body>
</html>
