2334 4150
277 563 344 606 100
420 537 464 608 P.
487 542 851 610 OrrnrrNAsonrs
902 557 906 564 ·

240 682 251 726 5
271 660 344 726 lnque
358 664 493 726 repentinos
506 666 617 712 convivia
630 666 695 712 versa
708 665 825 713 tumultus

270 739 414 788 Assimulare
429 741 490 788 sreto
503 743 577 804 possis
590 759 596 788 ε
610 741 676 806 quod
688 744 747 791 saeva
758 747 868 808 quietum

270 816 405 864 Ventorum
417 818 491 864 rabies
502 820 575 864 motis
590 820 709 882 exasperat
720 817 797 867 undis.

271 891 363 938 Primus
373 893 398 936 in
409 891 445 938 his
457 891 558 938 Phineus
569 925 577 949 ‚
591 890 648 938 belli
659 893 796 940 temerarius
807 892 906 950 ausim,

268 967 407 1016 fraxineam
423 969 531 1032 quatiens
542 983 618 1018 aeratae
630 967 732 1032 cuspidis
744 969 832 1016 hallam
845 985 852 1027 3

221 1063 250 1098 10
269 1044 321 1104 En,
333 1047 386 1103 ait,
402 1061 431 1092 en
445 1043 529 1093 adsum
544 1061 662 1110 praerepta:
676 1049 783 1111 conjugis
795 1046 869 1094 ultor.

266 1122 317 1171 Nec
327 1124 388 1170 mihi
399 1136 422 1170 te
434 1137 517 1186 pennae
529 1157 537 1181 ,
553 1139 597 1170 nec
610 1122 695 1171 falsum
709 1124 786 1172 versus
797 1127 821 1170 in
833 1139 917 1172 autum

263 1203 388 1266 luppiter,
406 1206 515 1266 eripient.
529 1202 636 1252 Conanti
648 1205 742 1251 mittere
754 1201 882 1266 Cepheus,

264 1276 330 1336 Quid
342 1278 400 1326 facis
409 1281 418 1327 i
428 1278 561 1326 exclamat:
574 1295 626 1343 quae
639 1293 678 1336 te,
691 1295 817 1344 germane,
830 1279 948 1326 furentem

263 1353 333 1402 Mens
345 1357 395 1417 agit
403 1358 429 1402 in
439 1353 548 1402 facinus?
559 1357 681 1402 meritisne
692 1357 741 1402 haec
753 1357 828 1418 gratia
839 1356 909 1402 rantis
979 1353 984 1361 '

215 1448 242 1495 ¹5
263 1429 396 1480 Redditur?
410 1434 454 1478 hac
465 1433 541 1478 viram
552 1431 647 1480 servatae
660 1429 717 1480 dote
728 1428 835 1494 rependis
846 1437 855 1481 i

263 1509 343 1568 Quam
354 1509 397 1557 tibi
408 1524 458 1556 non
470 1508 580 1565 Perseus,
593 1523 676 1556 vetum
688 1511 705 1556 si
717 1511 799 1573 quaeris
810 1543 817 1567 ,
830 1506 936 1564 ademitt

262 1582 309 1632 Sed
320 1601 390 1650 grave
399 1581 532 1632 Nereidum
543 1599 645 1638 numen,
660 1581 699 1632 sed
710 1587 819 1648 corniger
827 1586 953 1645 Ammon,

263 1660 309 1711 Sed
323 1679 375 1726 quae
389 1662 515 1708 visceribus
526 1660 636 1709 veniebat
647 1659 725 1707 bellua
735 1675 810 1723 ponto
967 1651 970 1658 ¹

262 1733 423 1785 Exsaturandn
433 1738 500 1782 meis.
515 1734 562 1781 lllo
577 1736 621 1782 tibi
635 1750 741 1797 tempore
756 1750 823 1798 rapta
855 1735 887 1782 est

213 1833 243 1866 20
262 1815 317 1874 Quo
329 1817 431 1877 peritura
441 1811 504 1859 fuit:
518 1814 562 1859 nisi
573 1815 591 1859 si
603 1845 610 1868 ,
629 1809 730 1859 crudelis
743 1846 751 1869 ,
768 1809 882 1875 idipsum

180 1950 182 1953 Ι
259 1893 357 1955 Exigis,
375 1905 402 1938 ut
414 1902 512 1953 pereat3
531 1887 641 1952 lusiuque
653 1887 759 1936 levabere
769 1891 859 1936 nolito.

214 2022 216 2025 ,
259 1968 355 2018 Scilicet
362 1964 426 2017 haud
434 1968 487 2014 satis
496 1965 528 2013 est
537 1999 544 2024 ‚
554 1962 635 2029 quod,
645 1980 667 2013 te
677 1966 807 2029 spestanoe,
816 1969 918 2016 revindia
927 1969 976 2022 est?

258 2047 290 2097 Et
300 2046 393 2097 nullam
402 2042 469 2111 quod
479 2059 551 2108 opem
561 2057 657 2108 patruus
670 2043 795 2109 sponsusve
808 2044 880 2094 tulisti
892 2050 901 2097 i

258 2125 372 2189 Insuper,
385 2140 398 2172 a
411 2138 533 2188 quoquam
546 2120 613 2186 quod
629 2125 660 2170 sir
672 2124 778 2179 servata,
793 2121 902 2184 dolebis,

210 2218 239 2264 25
256 2197 405 2263 Praetniaque
416 2199 519 2260 eripies?
536 2210 589 2259 quae
602 2198 620 2242 si
633 2196 675 2244 tibi
686 2211 772 2260 magna
782 2194 909 2251 videntur,

256 2280 292 2329 Ex
304 2279 352 2327 illis
366 2276 470 2340 scopulis
482 2308 490 2334 ,
505 2276 546 2321 ubi
558 2290 626 2324 erant
637 2272 721 2333 affixa,
741 2273 842 2339 petisses.

255 2358 326 2408 Nune
337 2359 404 2413 sine,
416 2356 457 2418 qui
468 2356 554 2417 periit,
570 2370 612 2417 per
623 2370 695 2417 quem
705 2370 755 2401 non
766 2354 824 2401 orba
835 2355 936 2403 sencdus
947 2391 956 2415 ,

250 2436 326 2484 ferre
335 2468 343 2493 ,
353 2429 420 2498 quod
431 2436 456 2479 ὅ(
468 2434 594 2479 meritis&
607 2448 666 2481 voce
676 2432 708 2480 est
720 2434 798 2497 pasius
811 2450 817 2481 ε
829 2450 932 2501 euntque

255 2514 314 2564 Non
325 2515 386 2571 tibi,
399 2509 439 2560 sed
450 2526 519 2559 eertae
531 2510 655 2575 praelatum
667 2512 774 2578 intellige
785 2518 869 2563 morti.

210 2581 240 2643 30
255 2592 299 2643 Ille
310 2588 370 2639 nihil
381 2602 465 2637 contra
476 2606 482 2634 ι
496 2584 536 2634 sed
547 2590 571 2635 ὅ(
583 2590 646 2637 hunc
657 2622 665 2647 ,
680 2592 704 2637 ὃ(
716 2590 797 2638 Persea
807 2589 875 2639 vultu

257 2670 357 2721 Altemo
370 2668 473 2731 spesians
486 2700 494 2724 ‚
510 2678 576 2729 petar
588 2668 650 2714 hunt
663 2669 775 2730 ignorat,
788 2684 817 2715 an
829 2666 906 2715 illurn.

257 2745 435 2807 Cunsbatusque
446 2738 530 2800 brevi,
545 2757 682 2796 contortam
693 2744 781 2795 viribus
792 2744 879 2793 hastam
890 2778 899 2802 ,

257 2823 363 2882 Quantas
374 2823 409 2868 ira
417 2816 506 2876 dabat,
517 2809 677 2884 nequicquam
689 2824 713 2868 in
725 2822 804 2868 Persea
816 2822 889 2873 misit.

256 2900 292 2948 Ut
302 2899 365 2947 stetit
375 2895 417 2945 illa
429 2910 483 2944 toto
494 2930 502 2954 ,
520 2895 596 2945 stratis
607 2911 658 2944 turn
668 2893 769 2960 denique
780 2896 873 2943 Perseus

195 2988 235 3031 '35
255 2975 358 3027 Exsiluit
369 2992 375 3021 ι
386 2972 482 3037 teloque
496 2971 563 3020 ferox
573 2974 670 3021 inimica
681 2969 775 3021 remisso

255 3051 353 3101 Pestora
363 3045 477 3113 rupisset,
488 3050 533 3096 nisi
544 3049 596 3112 post
607 3048 691 3099 altaria
701 3048 801 3097 Phineus

255 3124 328 3175 Isset:
343 3130 386 3183 ἃ,
401 3122 527 3187 indignum
539 3125 546 3172 1
558 3124 671 3175 scelerato
682 3124 773 3188 profuit
782 3142 831 3177 ata.

256 3202 343 3251 Fronte·
356 3217 437 3251 tamen
449 3201 530 3249 Rhoeti
538 3216 588 3249 non
599 3203 666 3250 irrita
683 3202 758 3265 cuspis
769 3200 876 3253 adhaesit.

255 3276 304 3335 Qui
312 3275 363 3339 post
371 3274 446 3343 quam
453 3272 541 3324 cecidit
547 3304 558 3338 ,
567 3273 703 3341 sertumque
710 3291 738 3325 ex
745 3273 793 3325 olle
800 3278 919 3329 revulsum
927 3280 969 3337 est,
