2334 4150
255 516 324 597 164
402 508 446 580 P.
475 511 630 578 Ovrorr
649 513 842 581 Nasoms

249 627 369 680 Continui
381 647 389 690 3
400 630 462 681 mali
472 633 548 698 quin,
560 646 588 681 ut
599 636 726 697 oportuit,
736 634 817 685 oscula
829 633 927 684 ferrem·

204 707 337 758 mittiue
346 724 410 758 erat:
421 706 463 760 sed
471 710 538 758 nulla
550 725 631 760 tamen
647 710 777 761 formosior
791 711 835 762 illi

249 782 305 835 Effe
317 787 393 852 potest
411 787 489 846 tristi,
508 784 674 854 desiderioque
689 789 782 838 calebat

252 861 371 931 Coniugis
381 863 482 928 abrepti.
496 865 535 913 Tu
551 865 658 930 collige,
674 866 751 931 qualis
762 868 787 914 in
795 865 854 926 illa,

250 941 350 1001 Phoce,
364 940 439 991 detor
450 941 523 992 fuerit
531 977 540 998 ‚
549 957 623 1008 quam
638 945 671 992 ric
687 941 758 992 dolor
767 945 816 1008 ipse
826 942 936 996 decebat·

249 1015 317 1079 Quid
330 1018 448 1077 referam,
461 1022 556 1085 quoties
567 1024 699 1070 tentamina
709 1022 787 1070 nostra
796 1020 878 1086 pudici

202 1096 389 1161 735iiepuletint
403 1113 482 1148 moret
494 1100 629 1163 iquotieu,
644 1097 717 1163 Ego,
735 1096 839 1158 dixerit,
857 1101 899 1148 uni

250 1176 352 1236 Servor,
363 1176 508 1242 ubicumque
518 1176 566 1225 este
575 1179 616 1224 uni
629 1193 682 1226 mea
693 1175 779 1240 gandia
791 1178 868 1228 servo.

249 1250 299 1302 Cui
316 1268 367 1303 nou
380 1253 423 1302 ista
433 1251 482 1303 lide
498 1255 553 1302 satis
567 1255 712 1318 experientia
729 1255 788 1304 sano

249 1329 340 1395 Magna
352 1330 430 1381 forcti
447 1347 498 1380 non
508 1333 560 1380 sum
569 1345 697 1380 contentus
708 1349 714 1379 ε
725 1335 750 1381 &
762 1335 788 1382 in
799 1347 852 1380 mea
864 1347 946 1396 pugno

248 1405 373 1469 Vulnera,
389 1406 449 1458 dum
465 1411 547 1457 census
563 1406 620 1459 date
637 1425 733 1474 inepto
745 1411 813 1459 noae
824 1411 938 1474 paciscor.

202 1485 399 1552 74o'rluoeraque
413 1484 525 1553 augendo
542 1484 639 1536 tandem
649 1485 759 1538 dubitare
772 1491 848 1554 coe'gi.

201 1608 202 1611 ,
251 1561 381 1623 Exclamo,
397 1563 464 1614 Mart
473 1567 546 1613 tebiut
557 1579 602 1630 ego
613 1580 660 1620 en,
670 1563 733 1616 male
743 1569 821 1632 patius
833 1563 943 1627 adulter,

239 1640 328 1704 ,Verus
341 1657 407 1691 eram
417 1646 519 1708 conjux:
531 1659 585 1703 me,
597 1641 687 1707 perfida
699 1679 708 1702 ,
723 1645 779 1693 teste
788 1647 885 1693 teneris.

251 1717 298 1768 llla
309 1714 384 1768 nibil:
393 1722 468 1770 tacito
481 1718 651 1769 tantummodo
660 1723 721 1770 vieta
733 1719 839 1785 pudore,

252 1796 369 1845 insidiose
384 1795 450 1845 malo
466 1813 521 1846 eum
537 1800 640 1862 conjuge
654 1796 737 1846 limina
749 1797 828 1861 fugit:

203 1871 397 1940 745Offensique
412 1875 461 1922 mei
471 1883 566 1938 ,genus
580 1889 653 1922 omne
663 1875 746 1935 perosa
757 1876 864 1922 vitorum

252 1951 378 2000 Montibus
391 1951 503 2010 errabat,
519 1947 600 1998 studiis
609 1966 706 2014 operatu
717 1949 810 2000 Dianae.

251 2030 317 2078 Tum
331 2030 391 2078 mihi
410 2026 502 2079 deserto
516 2027 646 2093 violentior
657 2031 718 2094 ignis
731 2026 762 2078 ad
773 2025 824 2079 olla

251 2108 362 2159 Pervenit
372 2126 380 2161 t
391 2109 489 2157 orabam
506 2111 621 2167 veniam,
640 2111 664 2156 &
679 2104 783 2173 peccaffe
799 2108 907 2161 fatebar:

250 2186 282 2235 Et
302 2183 421 2251 potuilse,
439 2183 517 2243 datie,
529 2186 604 2235 simili
614 2187 765 2234 succumbere
778 2187 853 2251 culpae

203 2263 294 2315 750Me
313 2278 424 2329 quoque,
436 2266 590 2322 muneribus,
604 2266 623 2311 si
634 2280 732 2313 munera
744 2279 809 2315 tanta
818 2265 939 2319 darentur.

251 2341 306 2389 lloc
326 2343 386 2389 mihi
398 2338 520 2399 eonfeffo,
539 2341 619 2388 lasum
630 2344 696 2404 prius
706 2342 757 2391 ulta
770 2342 901 2407 pudorem,

251 2415 382 2472 Redditur,
400 2422 425 2465 bt
444 2416 524 2466 dulces
536 2415 687 2467 concorditer
698 2422 771 2485 exigit
788 2438 870 2471 annos.

250 2492 301 2542 Dat
316 2495 377 2543 mihi
391 2508 520 2558 preterea,
536 2508 660 2559 tamquam
675 2497 698 2544 se
710 2514 781 2561 parva
792 2497 893 2549 dedillet

251 2572 341 2631 Dona,
359 2587 442 2620 canem
453 2587 539 2619 munus
551 2591 556 2619 :
568 2589 640 2637 quem
654 2573 709 2623 etim
725 2577 766 2624 sua
778 2575 878 2625 traderet
887 2577 924 2625 illi

202 2650 375 2713 755Cyntbia‚
397 2648 524 2699 Currendo
542 2652 660 2714 superabit
672 2687 679 2711 ,
691 2650 800 2712 dixerat,
816 2670 907 2703 omnes.

249 2729 300 2779 Dat
307 2728 378 2778 simul
386 2727 648 2794 &iaculum3manibus
657 2730 733 2796 quod,
744 2735 831 2793 cernis,
842 2732 968 2781 habemus.

282 2847 390 2897 Muneris
400 2846 496 2899 alterius
505 2863 557 2912 quae
568 2849 599 2895 sit
610 2846 704 2897 fortuna
714 2850 828 2913 requirit?

249 2924 352 2991 Accipe:
367 2922 470 2975 ntiraudi
485 2927 592 2976 novitate
603 2928 728 2977 movebere
740 2925 803 2975 fasti.

285 3040 400 3093 Carmina
418 3039 517 3091 Laiader
532 3058 582 3092 non
601 3042 719 3091 intelledia
733 3045 840 3106 priorum
912 3078 914 3083 ⁷

204 3118 361 3184 7ooSolvcrat
378 3122 494 3183 ingenim
513 3124 538 3169 ἃ
556 3123 699 3185 praecipitata
713 3122 819 3185 jacebat,

252 3194 382 3247 immemor
390 3197 536 3264 ambagum,
554 3214 619 3264 tates
630 3198 746 3260 obscura,
758 3199 864 3249 suarum.
