2334 4150
235 581 661 656 Metanomosnon
678 584 718 652 L.
735 585 800 652 ΧΙ.
828 597 891 672 245

181 699 284 756 Tmolus
299 709 323 756 in
335 709 429 756 ascensu
438 725 443 756 :
453 707 564 772 clivoque
575 720 684 768 extentus
692 719 812 770 utroque,

181 781 294 832 Sardibus
309 787 380 844 hinc,
397 784 464 833 illinc
483 786 560 849 parvis
571 781 653 832 finitur
665 782 788 847 Hypaepis.

180 857 230 908 Pan
245 858 346 910 ibidum
360 865 444 910 teneris
456 863 526 926 jaciat
536 862 576 908 sua
589 861 695 908 carmina
706 859 845 924 Nymphis,

179 935 211 986 Et
221 936 273 988 leve
284 937 361 988 cerati
372 937 510 987 modulatur
521 934 635 984 arundine
648 951 761 994 carmen:
823 954 825 957 ·

179 1015 255 1063 Ausus
269 1015 408 1080 Apollineos
418 1029 466 1078 prae
477 1013 499 1060 se
511 1027 663 1062 contemnere
673 1026 774 1071 cantus,
901 1018 945 1066 ¹55

178 1088 263 1140 Iudice
273 1091 315 1138 sub
324 1090 431 1144 Tmolo,
443 1103 561 1138 certamen
572 1091 638 1138 venit
649 1086 680 1137 ad
691 1091 777 1154 impar.

179 1163 267 1214 Monte
276 1169 319 1216 suo
333 1169 409 1216 senior
421 1163 493 1232 Judex
506 1161 630 1218 consedit,
647 1168 672 1213 bt
682 1181 749 1214 aures

178 1241 275 1292 Liberat
293 1243 427 1292 arboribus:
438 1256 526 1307 quercu
537 1257 608 1290 coma
619 1240 705 1290 caeruia
716 1239 810 1291 tannim
830 1248 837 1256 '

178 1316 310 1380 Cingitur;
324 1319 347 1364 bc
361 1313 465 1380 pendent
477 1305 567 1364 circium
582 1331 640 1365 cava
651 1330 759 1380 tempora
770 1313 878 1380 glandes.

178 1393 247 1457 Isque
259 1391 339 1450 Deum
348 1393 438 1454 pecoris
449 1391 551 1453 spodians
561 1422 569 1448 ‚
581 1387 610 1438 ln
619 1388 713 1455 iudice,
727 1389 788 1440 dixit
899 1396 944 1432 ¹6⁰

177 1467 255 1518 Nulla
272 1482 342 1514 mora
351 1465 391 1512 est.
405 1464 511 1513 Calamis
522 1465 649 1528 agrestibus
659 1467 755 1514 insonat
764 1466 806 1516 ille
817 1486 825 1526 ι

177 1544 354 1607 Barbaricoque
365 1538 467 1599 Midan,
480 1539 560 1589 aderat
570 1557 628 1589 nam
638 1541 701 1590 forte
711 1547 807 1592 canenti
817 1576 827 1605 ,

177 1618 294 1668 Carmine
305 1615 398 1665 delinit.
416 1615 469 1664 Post
480 1616 543 1663 hunc
558 1615 622 1664 lacer
636 1632 679 1665 ora
688 1620 784 1666 retorsit

131 1687 140 1706 ¹
178 1696 282 1747 Tmolus
297 1693 328 1745 ad
337 1711 365 1743 os
377 1695 460 1744 Phoebi
471 1693 581 1744 :vultum
593 1696 634 1744 sua
646 1694 705 1745 silva
715 1697 794 1746 secuta
804 1695 846 1746 est.

178 1775 242 1834 llle,
253 1787 324 1838 caput
337 1771 427 1822 flavum
438 1771 505 1822 lauro
517 1771 642 1822 Parnaside
655 1775 764 1831 vincius,
899 1784 941 1835 ιιι

177 1854 259 1903 Vertit
272 1845 380 1900 humum·
387 1851 462 1913 Tyrio
474 1850 576 1900 saturati
585 1853 677 1900 murice
684 1852 764 1916 palli:

177 1929 363 1993 instructamque
381 1925 454 1977 iidem
471 1931 571 1992 gemmis
582 1932 608 1978 bt
626 1927 737 1978 dentibus
747 1929 813 1980 ludis

178 2007 280 2058 Sustinet
297 2023 310 2054 a
321 2005 379 2054 leva
391 2023 397 2054 z
410 2009 487 2054 tenuit
497 2021 580 2055 manus
591 2005 666 2055 altera
679 2007 804 2072 plebitum.

177 2084 281 2135 Artificis
291 2083 417 2148 statusipse
431 2084 486 2133 fuit.
499 2084 563 2133 Tum
573 2084 673 2133 liamina
682 2083 754 2135 dobin

178 2161 269 2211 Pollice
281 2161 400 2210 solicitat:
414 2176 517 2226 quorum
529 2157 658 2209 dulcedine
667 2176 750 2226 captus
898 2184 943 2226 :po

178 2238 242 2288 Pana
258 2241 323 2303 jubet
339 2237 440 2287 Tmolus
457 2240 552 2286 citharae
564 2238 704 2287 submittere
716 2256 812 2292 caunas.

176 2314 297 2365 Judiciurn
314 2316 432 2381 sanctique
450 2314 528 2380 placet
545 2316 662 2365 sententia
674 2321 764 2367 montis
793 2345 797 2353 ι

177 2394 313 2443 Omnibus:
327 2396 432 2458 arguitur
443 2407 539 2453 tamen,
553 2406 624 2459 atque
639 2394 724 2459 injusta
734 2410 834 2447 vocatur

176 2472 254 2521 Unius
266 2474 372 2519 sermone
383 2468 464 2519 Mida.
477 2471 529 2520 Nec
540 2471 624 2520 Delius
632 2489 699 2521 aures

176 2549 313 2600 Humanam
324 2546 419 2600 stolidas
430 2550 518 2612 patitur
525 2553 626 2599 retinere
637 2548 754 2615 figuram3
895 2570 937 2617 ¹75

174 2626 222 2677 sed
234 2628 308 2677 trahit
320 2628 345 2674 in
356 2627 473 2688 spatium,
488 2626 599 2691 villisque
609 2627 743 2677 albentibus
756 2628 857 2693 implet3

175 2703 343 2767 instabilesque
356 2704 406 2749 imo
423 2702 493 2760 facit,
508 2706 532 2751 δι
543 2701 585 2751 dat
595 2700 660 2767 poll‘e
670 2709 770 2756 moveri.

175 2782 264 2832 Cetera
275 2781 330 2826 sunt
340 2780 444 2826 hominis
452 2797 457 2825 t
466 2794 557 2841 partem
568 2778 693 2831 damnatur
704 2786 729 2833 in
741 2799 830 2843 urtam,

173 2856 332 2920 induiturque
343 2870 408 2905 aures
419 2854 480 2903 lenti
491 2854 618 2921 gradientis
627 2859 702 2909 aselli.

205 2933 251 2983 lile
263 2929 360 2999 quidem
376 2931 437 2982 celat
447 2966 455 2988 ,
464 2936 573 2999 turpique
584 2952 680 2986 onerata
689 2936 782 3003 pudore
892 2936 938 2984 180

174 3014 297 3075 Tempora
306 3012 428 3075 purpureis
441 3025 515 3060 tentat
525 3012 603 3062 velare
616 3018 689 3063 tiaris.

173 3088 220 3139 Sed
231 3088 314 3137 solitus
322 3088 407 3151 longos
419 3088 481 3138 ferro
491 3092 593 3144 resecate
601 3093 700 3157 capillos

173 3163 273 3217 Viderat
290 3167 336 3213 hoc
348 3164 450 3215 famulus
463 3185 469 3215 s
481 3170 540 3233 qui,
552 3167 607 3217 etim
619 3186 662 3218 nec
674 3167 774 3235 prodere
784 3172 862 3221 visum

172 3240 284 3321 Dedecus
299 3240 410 3305 auderet,
422 3242 518 3315 'cupiens
530 3244 613 3297 efferre
624 3248 666 3296 sub
678 3264 761 3315 auras,

617 3384 618 3387 γ
716 3324 772 3391 ιιι
