2334 4150
249 551 678 620 Marinonrnosaon
696 537 735 607 l.
753 540 817 605 ΙΧ.
845 559 908 606 201

195 669 328 721 Dicentem
340 703 348 729 ‚
362 669 507 732 genibusque
517 674 602 714 manut
611 660 724 712 adhibere
735 671 872 724 parantem,

195 751 307 814 Corripit
325 744 436 804 Alcides3
454 749 478 794 bt
491 756 572 808 terque
583 755 714 808 quaterque
724 750 832 786 rotatum

195 827 279 877 Mittit
289 829 314 874 in
325 826 442 874 Euboicas
455 857 463 881 ,
475 834 598 870 tormento
609 818 694 868 sortitis
704 850 712 877 ‚
724 813 810 865 undas.

194 902 241 952 llle
259 919 300 967 per
315 904 388 952 a'e'rias
399 897 503 964 pendens
519 895 628 946 induruit
642 911 717 944 aurae.

194 979 280 1044 thue
297 977 376 1026 ferunt
394 977 482 1024 imbres
502 972 586 1040 gelidis
599 973 748 1022 concrescere
761 971 852 1028 ventis,
917 978 964 1011 220

196 1055 257 1105 Inde
274 1058 339 1104 nives
361 1052 427 1111 fieri3
443 1053 537 1100 nivibus
546 1047 651 1118 ¹quoqne
664 1049 739 1098 molle
750 1051 833 1096 rotatis

195 1136 301 1199 Astringi
313 1168 321 1193 ‚
333 1138 357 1182 bt
371 1131 442 1197 spissi
453 1131 581 1196 glomerari
593 1126 707 1195 grandine
718 1142 823 1191 corpm3

195 1214 237 1260 Sic
249 1211 320 1260 illurn
337 1207 424 1261 validis
442 1210 520 1256 atium
533 1223 574 1271 per
585 1210 655 1255 inane
671 1206 782 1263 lacertis,

194 1282 913 1352 Exsanguemquemetu‚necquicquamhumorishabentem‚

196 1365 228 1416 ln
247 1364 336 1431 rigidas
346 1367 439 1414 versum
458 1364 534 1412 silices
544 1365 610 1428 prior
621 1360 697 1411 edidit
707 1377 771 1410 aetas.
914 1371 960 1422 225

198 1443 272 1494 Nunc
283 1457 380 1508 quoque
390 1444 416 1490 in
432 1441 542 1490 Euboico
560 1439 671 1504 scopulus
682 1441 759 1488 brevit
770 1442 857 1488 emicat
868 1438 918 1488 alti

196 1523 298 1587 Gurgite
309 1537 325 1580 3·
334 1523 359 1570 bc
369 1521 479 1568 humane
491 1519 567 1568 servat
579 1517 676 1582 vestigia
688 1517 782 1566 forma.

195 1598 277 1658 Quem
287 1632 295 1657 ,
313 1599 380 1663 quari
397 1597 519 1646 sensurum
528 1627 536 1650 ,
548 1608 626 1643 nautae
635 1593 727 1644 calcare
737 1609 847 1645 verentur
857 1629 864 1653 ,

195 1674 371 1740 Appellantque
383 1674 481 1722 Lichan.
501 1673 533 1720 At
547 1686 590 1726 tu,
599 1671 665 1721 lovis
674 1671 765 1734 inclyta
776 1671 870 1736 proles,

195 1755 326 1804 Arboribus
342 1755 424 1806 casis,
440 1766 498 1816 quas
515 1747 589 1800 ardua
608 1747 709 1814 gellerat
724 1749 800 1809 ὢν,
915 1755 964 1800 ²30

195 1830 271 1896 Inque
281 1846 365 1896 pyram
378 1829 480 1888 struitis,
502 1845 585 1883 arcus,
598 1832 780 1894 pharetramque
789 1844 914 1894 capacem,

196 1907 326 1973 Regnaque
339 1907 427 1956 visuras
442 1910 528 1956 iterum
547 1907 653 1973 Trojana
665 1908 780 1972 sagittas,

193 1985 265 2034 ferre
281 1986 348 2051 juber
359 1985 451 2034 Paeante
463 1987 539 2032 satum
551 2004 558 2032 t
570 2002 619 2050 quo
630 1983 729 2036 flamma
745 1984 855 2034 ministro

194 2062 305 2115 Subdita.
321 2063 435 2129 Dumque
446 2060 520 2112 avidis
536 2061 717 2127 comprenditur
728 2064 822 2127 ignibus
832 2078 913 2126 agger,

195 2140 344 2208 Congeriem
362 2141 426 2193 silvae
439 2140 552 2190 Nemeaeo
564 2140 651 2190 vellere
660 2142 778 2189 summam
916 2153 961 2195 ²35

195 2222 285 2269 Sternit
298 2239 303 2267 ε
317 2222 357 2277 bc,
376 2218 490 2283 impositi
506 2217 579 2269 clavae
594 2222 704 2274 cervice,
723 2220 854 2279 recumbit,

193 2295 268 2347 Haud
282 2297 330 2345 alio
347 2297 415 2346 vultu
430 2331 438 2355 ,
455 2296 529 2363 quim
545 2300 563 2345 si
576 2300 678 2347 conviva
687 2300 774 2361 jaceret

194 2376 260 2424 lnter
271 2374 341 2439 plena
352 2377 411 2423 meri
421 2372 544 2423 redimitur
555 2374 642 2439 pocula
652 2376 728 2425 sertis.

194 2454 295 2520 Jamque
313 2452 409 2511 valens,
429 2456 452 2502 bt
464 2456 489 2501 in
500 2470 572 2501 omne
585 2452 646 2503 latur
655 2450 743 2503 diffusa
753 2454 872 2513 sonabat,

194 2533 343 2597 Securotque
361 2544 439 2591 artus,
459 2546 681 2597 contemtoremque
699 2533 795 2596 petebat
912 2552 961 2597 ²40

122 2624 125 2629 ’
195 2608 306 2659 Flamma
326 2610 409 2657 suum:
424 2610 524 2657 timuere
542 2609 589 2658 Dei
600 2627 645 2675 pro
655 2609 750 2659 vindice
761 2618 838 2659 tetra.

195 2687 327 2748 Quonim,
345 2689 416 2735 sentit
433 2690 513 2747 enim,
529 2686 585 2735 lato
597 2688 718 2735 Saturnius
729 2704 771 2736 ore

194 2765 304 2830 Juppiter
325 2764 472 2829 alloquitur:
485 2764 571 2813 Nostra
582 2764 615 2812 est
626 2768 699 2813 timor
716 2766 757 2813 iile
766 2764 895 2829 voluptas,

195 2841 219 2891 Ο
229 2842 236 2891 l
257 2845 339 2907 Superi
351 2862 356 2893 :
369 2856 470 2909 totoque
481 2840 555 2891 libens
569 2844 628 2890 mihi
638 2844 730 2907 petione
739 2859 835 2907 grator,

196 2918 270 2980 Quod
288 2924 401 2970 memoris
416 2920 500 2985 populi
516 2918 584 2997 dicor
598 2922 721 2987 testorque
735 2936 864 2988 paterque3
916 2947 960 2990 241

195 2996 228 3045 Et
244 3015 297 3048 mea
310 3002 434 3063 progenies
445 2998 520 3048 vestro
533 3014 629 3064 quoque
641 3015 694 3050 tuta
711 2999 792 3051 favore
803 3002 845 3050 est.

196 3074 275 3135 Nam,
288 3092 434 3142 quamquam
446 3078 518 3141 ipsius
531 3072 601 3125 datur
610 3079 658 3127 hoc
668 3081 813 3129 immanibus
823 3082 895 3141 attis,

198 3152 301 3217 Obligor
320 3156 373 3219 ipse
381 3169 474 3203 tamen:
485 3152 524 3203 sed
536 3157 600 3203 enim
610 3191 618 3214 ‚
630 3172 661 3205 ne
672 3158 766 3220 pestora
775 3174 838 3206 vano

195 3227 255 3279 Fida
271 3246 340 3280 metu
359 3246 478 3295 patranti
500 3232 585 3283 OEtaeat
600 3234 702 3298 spernite
712 3234 832 3285 flammat.

743 3314 785 3365 lv
