2334 4150
246 506 673 613 MnrAMoarraossou
687 541 723 609 L
744 543 806 609 XI.
836 565 901 630 243

191 659 245 714 Esse
256 679 323 728 putes
333 679 427 722 ramos,
443 669 467 713 bc
478 681 528 713 non
539 663 622 712 fallare
633 661 750 728 putando.

225 742 275 790 Nec
287 745 340 792 satis
347 746 392 791 hoc
400 743 493 791 Baccho
500 741 545 800 est,
554 743 719 807 ipsosquoque
728 738 815 789 deserit
821 755 890 805 agros
899 758 904 788 :
925 739 953 805 85

92 831 93 874 ζ
192 819 304 886 Cumque
314 823 388 869 choro
399 820 498 869 meliore
511 853 518 878 ,
530 822 565 868 sui
575 823 656 870 vineta
666 818 768 881 Tymoli
821 853 825 862 .

191 898 352 966 Pactolonque
366 902 441 963 petit:
455 900 564 963 quamvis
575 913 624 946 non
636 895 771 945 aureusillo

191 975 330 1040 Tempore,
343 992 386 1025 nee
398 979 456 1025 caris
468 991 517 1023 erat
530 973 661 1023 invidiosus
674 976 759 1023 arenis.

190 1051 272 1111 Hunc,
282 1049 369 1103 affueta
376 1055 462 1102 cohors
472 1088 480 1112 ,
493 1055 569 1114 Satyri
581 1051 724 1116 Bacchaeque
733 1051 900 1116 frequentante

189 1131 223 1179 At
241 1129 332 1178 Silenus
343 1131 413 1179 abest.
430 1131 587 1180 Titubantem
599 1130 712 1194 annisque
727 1145 842 1194 meroque
923 1143 956 1189 90

189 1205 308 1255 Ruricolae
320 1224 400 1272 cepere
411 1208 513 1270 Phryges
523 1225 529 1254 r
539 1209 692 1272 viridumque
700 1209 799 1256 coronis

189 1281 228 1332 Ad
239 1300 318 1348 regem
330 1299 418 1332 traxere
429 1283 529 1342 Midan,
542 1288 580 1334 cui
592 1286 709 1334 Thracius
719 1285 829 1350 Orpheus

189 1362 265 1425 Orgia
282 1360 423 1420 tradiderat,
435 1376 497 1410 cum
508 1362 628 1427 Cecropio
642 1361 773 1427 Eumolpo.

188 1439 238 1500 Qui
257 1439 329 1487 simul
346 1443 443 1503 agnovit
453 1441 544 1488 socium
560 1443 722 1504 comitemque
733 1442 871 1498 sacrorum,

187 1515 297 1581 Hospitis
312 1513 414 1566 adventu
426 1517 510 1564 festum
518 1517 641 1580 genialiter
652 1519 701 1580 egit
921 1539 951 1581 95

187 1593 232 1642 Per
252 1595 287 1642 bis
298 1597 403 1659 quinque
417 1593 481 1648 dies,
493 1598 517 1642 δι
529 1597 619 1660 junctas
631 1591 717 1643 ordine
733 1597 823 1643 nobles.

187 1670 279 1736 Etiam
291 1670 411 1718 stellarum
423 1671 523 1718 sublime
535 1676 645 1735 co'e'gerat
657 1687 743 1734 agmen

188 1749 284 1798 Lucifer
296 1746 435 1797 undecimus
447 1746 544 1810 ,Lydos
560 1747 615 1796 crim
627 1749 694 1798 latus
703 1751 728 1797 in
738 1763 807 1814 agros

188 1830 239 1877 Rex
255 1831 336 1886 venit3
354 1831 378 1876 ὃ(
391 1830 470 1892 juveni
478 1824 788 1876 silenum-redditalumno.

188 1905 251 1955 Huic
267 1905 331 1954 Deus
341 1903 440 1969 optandi
451 1919 565 1970 gratum,
577 1903 618 1954 sed
628 1905 731 1964 inutile,
744 1903 802 1953 fecit
908 1916 953 1950 ros

187 1981 295 2032 Muneris
311 1985 454 2043 arbitrium,
466 1983 571 2047 gaudens
588 1984 665 2032 altore
676 1997 783 2047 recepto.

187 2061 232 2111 llle
246 2059 309 2111 mali
319 2061 399 2110 usurus
414 2059 500 2120 donis,
515 2064 567 2121 ait,
580 2058 670 2121 Effice,
683 2058 799 2127 quicquid

187 2140 297 2204 Corpore
317 2142 458 2203 contigero5
473 2138 567 2190 fulvum
583 2152 689 2189 vertatur
700 2140 725 2185 in
735 2155 828 2187 aurum.
854 2148 859 2157 ‘
891 2135 894 2140 ’

186 2218 277 2267 Annuit
287 2220 392 2281 optatis,
408 2219 564 2281 nocituraque
578 2232 678 2266 munera
686 2207 762 2265 ¹solvit

186 2295 258 2343 Liber
271 2311 279 2352 3
297 2309 322 2343 at
331 2292 436 2343 indoluit
448 2328 455 2353 ,
468 2291 535 2359 quod
545 2307 595 2342 non
604 2293 705 2342 meliora
716 2290 816 2358 petiiset.
904 2316 945 2360 ¹⁰5

186 2370 266 2419 Laetus
278 2372 343 2431 abit,
358 2370 492 2437 gaudetque
503 2371 568 2421 malo
580 2371 750 2434 Berecyntbius
758 2376 844 2432 heros3

185 2449 369 2515 Pollicitamque
385 2446 458 2498 fidem
469 2446 589 2513 tangendo
599 2449 692 2514 singula
701 2464 786 2499 tentati

184 2526 279 2593 Vixque
290 2529 335 2575 sibi
344 2525 455 2586 credens,
466 2541 516 2575 non
530 2526 578 2575 aits
589 2524 675 2575 fronde
686 2530 803 2578 virentem

164 2644 166 2648 .
184 2604 242 2653 llice
251 2603 359 2655 detraxit
368 2607 459 2667 virgam
470 2622 477 2651 e
489 2607 556 2667 virga
568 2620 638 2653 aurea
648 2604 709 2654 facia
719 2606 760 2655 est.

184 2681 264 2732 Tollit
272 2686 347 2731 humo
359 2683 454 2729 saxum:
466 2683 546 2729 saxum
557 2696 652 2746 quoque
663 2681 748 2748 palluit
758 2698 826 2733 auro.
901 2706 949 2739 110

184 2759 299 2823 Contigit
317 2762 342 2807 δε
359 2757 470 2821 glebam:
482 2762 591 2808 conrado
603 2759 671 2823 gleba
681 2764 775 2825 potenti
834 2762 840 2770 “

182 2834 263 2887 Malla
274 2834 310 2885 fit.
326 2837 424 2885 Arentes
434 2834 527 2887 Cereris
537 2834 737 2902 decerpsitaristas
746 2856 755 2897 3

182 2915 261 2965 Aurea
272 2917 353 2963 messis
362 2928 420 2963 erat.
431 2914 546 2963 Demtum
559 2928 623 2965 tenet
634 2917 717 2965 arbore
724 2933 824 2981 pomum
831 2922 847 2978 ;'

182 2990 324 3057 Hesperidas
335 2989 431 3041 donasse
442 3006 517 3057 potes.
528 2992 551 3041 si
558 2992 662 3057 postibus
672 2993 727 3042 altis

182 3068 301 3121 Admovit
309 3068 397 3135 digitos
408 3070 500 3135 3postes
509 3068 600 3120 radiare
610 3069 729 3121 videntur.
876 3083 940 3140 '¹¹5

183 3147 228 3197 llle
240 3152 312 3197 eriam
323 3148 420 3215 liquidis
431 3148 521 3213 palmas
537 3149 577 3198 ubi
587 3148 675 3198 laverat
686 3147 775 3209 undis,'
830 3147 832 3150 ’

181 3224 256 3277 Unda
265 3224 339 3279 fluens
347 3228 432 3293 palmis
442 3226 541 3279 Danaen
551 3226 646 3283 eludere
655 3224 741 3293 pollet.
794 3214 799 3227 ⁴
819 3232 825 3244 ⁴

712 3305 732 3355 l.
747 3307 766 3370 i]
